4659 5900
2081 604 2432 692 ...38
2545 650 2671 675 ...-

623 906 807 980 haec
856 906 1078 979 lectio
1126 917 1369 980 metro
1415 916 1795 1006 repugnat.
1903 901 2102 975 Lett.
2152 849 2358 1008 ὦ
2419 893 3014 990 .Elegantissima
3057 889 3494 993 metaphora
3541 899 3764 988 poeta
3813 899 4190 983 comparat

630 1124 879 1196 oculos
929 1123 1219 1219 puellae
1267 1146 1436 1197 cnm
1482 1082 1680 1204 telis,
1735 1124 1998 1220 quibus
2066 1142 2200 1192 cor
2262 1137 2476 1191 suum
2538 1110 2970 1191 vulneraris
3083 1112 3476 1209 Apponam
3543 1112 3902 1210 quaedam
3973 1109 4194 1204 hujus

494 1268 543 1359 ζ1
624 1249 1099 1344 metaphorae
1145 1249 1501 1344 exempla.
1562 1242 1714 1321 'Ita
1761 1257 1982 1343 poeta
2028 1248 2106 1318 in
2172 1245 2371 1316 libro
2417 1242 2511 1312 de
2572 1239 2897 1315 Antarae
2962 1249 3042 1313 et
3102 1237 3339 1313 Ablae
3415 1240 3831 1331 amoribus,
3894 1236 3994 1309 de
4052 1259 4200 1331 quo

638 1370 731 1441 cf.
786 1370 1153 1446 Wilimet.
1204 1374 1286 1444 in
1337 1371 1540 1444 Men.
1589 1372 1871 1469 proleg.
1925 1371 2018 1441 ad
2065 1368 2235 1442 Ant.
2283 1394 2357 1465 p.
2416 1367 2532 1437 15.

1157 1568 1234 1644 Q
1264 1542 1489 1699 3¹³0
1553 1544 1870 1660 0222«-
1954 1540 2235 1692 &aab
2534 1535 2738 1634 lami
2822 1531 3083 1652 otbmg
3175 1533 3378 1650 &aab
3444 1532 3669 1665 abs,

834 1755 1066 1831 «Abla
1112 1782 1298 1835 ‘vero
1347 1771 1461 1832 est
1510 1759 1851 1854 capreola
1870 1810 1892 1851 ,
1947 1782 2133 1855 quae
2181 1768 2496 1835 venatur
2541 1755 2836 1829 leonem
2901 1742 3131 1826 oculis
3198 1752 3563 1846 languidis
3629 1755 3760 1826 sed
3830 1753 4200 1849 integris.»

632 1879 865 1955 Poeta
915 1883 1235 1976 ignotus,
1289 1907 1384 1955 ex
1427 1883 1769 1959 versione
1817 1882 1975 1955 Jon.
2041 1885 2123 1956 in
2189 1907 2388 1978 poes.
2453 1881 2678 1954 Asiat.
2741 1902 3005 1951 comm.
3080 1902 3151 1974 p.
3226 1880 3381 1975 95:
3480 1878 3722 1972 „Iuro
3769 1903 3909 1977 per
3956 1903 4212 1952 arcum

628 2006 1008 2100 supercilii
1052 2017 1137 2077 et
1180 2029 1318 2100 per
1368 2007 1695 2079 medium
1762 2030 2031 2103 corpus
2091 2020 2375 2103 perque
2445 2006 2764 2100 sagittas,
2833 2005 3097 2100 quibus
3162 2002 3524 2075 fascinum
3586 2029 3803 2077 suum
3871 2007 4213 2081 vibrat.“

622 2120 862 2205 Arabs
912 2130 1237 2200 incertus
1286 2133 1478 2227 apud
1513 2130 1671 2204 Jon.
1719 2157 1793 2229 p.
1855 2143 2033 2219 ¹402
2090 2133 2326 2223 „Fuit
2377 2144 2627 2207 autem
2678 2130 2924 2226 puella
2973 2131 3249 2224 gratia,
3302 2130 3889 2226 pulchritudine,
3943 2153 4212 2207 venus-

627 2262 810 2355 tate,
864 2249 1318 2346 perfectione
1366 2256 1748 2348 praedita3
1800 2256 2168 2348 egregiam
2222 2256 2501 2325 habens
2556 2266 2632 2325 et
2677 2277 2986 2349 aequam
3054 2265 3459 2348 staturam,
3529 2248 3781 2326 oculos
3847 2275 4034 2325 vero
4083 2256 4211 2327 ni·

629 2394 831 2467 gros,
875 2373 1116 2445 somni
1164 2375 1447 2470 plenos,
1517 2375 1811 2449 fascino·
1863 2360 2289 2473 Babylonio
2358 2378 2678 2448 imbutos
2747 2389 2823 2449 et
2869 2378 3298 2471 supercilia,
3365 2388 3716 2473 tanquam
3777 2399 4022 2470 arcus,
4090 2377 4219 2453 vi·-

627 2499 927 2570 brantes
974 2501 1268 2594 sagittas
1330 2512 1755 2627 aspectuum
1797 2501 2086 2573 letales.
2096 2506 2151 2543 “
2258 2502 2371 2573 Ita
2423 2504 2501 2572 in
2549 2503 2808 2574 cantic.
2878 2503 3151 2575 Salom.
3220 2525 3284 2572 c.
3351 2501 3492 2596 IV,
3549 2526 3616 2576 v.
3682 2525 3767 2599 92
3871 2504 4221 2598 „Cepisti

633 2649 783 2715 me,
841 2651 888 2695 o
936 2622 1184 2720 puella
1247 2637 1516 2716 amata,
1572 2628 1823 2725 cepisti
1876 2652 1994 2699 me
2048 2628 2276 2699 oculis
2345 2628 2514 2699 tuis.
2617 2604 2950 2700 Remove
3017 2651 3317 2723 quaeso,
3390 2651 3435 2698 a
3515 2651 3635 2699 me
3712 2628 3960 2699 oculos
4020 2639 4218 2718 tuos,

638 2750 766 2845 qui
814 2771 935 2821 me
986 2736 1529 2843 percusserunt.
1538 2753 1617 2804 “⁶
1652 2752 1950 2823 Etiam
2004 2750 2278 2824 Graeci
2350 2755 2537 2824 hanc
2605 2753 3108 2848 metaphoram
3176 2766 3465 2827 amant.
3561 2754 3675 2826 Ita
3740 2765 3999 2847 poeta:
4101 2752 4225 2823 ἀπ’

639 2873 1095 2971 ὀφθαλμὸιοξ
1140 2871 1431 2971 βολάων
1497 2867 1695 2964 ἕλκος
1742 2877 2195 2959 ὀλιςὲάινῠν.
2308 2875 2700 2950 Anacreon
2786 2877 3118 2974 pluribus
3177 2879 3294 2948 in>
3327 2880 3512 2952 locis
3583 2879 3722 2951 hae
3789 2879 4224 2974 metaphora.

630 2997 896 3068 utitur.
1016 2997 1206 3095 Ὀυχ
1267 2997 1486 3081 ἵππος
1535 2993 1802 3073 ὤλεσέν
1851 3027 2003 3094 με,.
2048 3000 2308 3101 epotos
2372 2997 2455 3074 δὲ
2538 3002 2784 3085 καινὸς
2855 3004 3079 3085 ἄλλος
3169 3003 3297 3074 ἀπ’
3384 3006 3738 3098 ὀμμάτων
3800 3002 4048 3102 βαλών
4117 3028 4230 3098 με.

633 3144 872 3220 ‘Vocis
897 3119 1156 3260 )¹-«2’·-tl
1202 3148 1282 3217 in
1329 3148 1792 3219 hemistichio
1842 3151 2258 3245 posteriore
2310 3151 2677 3227 Zuzenius
2747 3152 2924 3242 duas
2969 3152 3119 3258 'dat
3168 3155 3736 3250 explicationes,
3790 3147 3890 3227 in‘
3921 3177 4234 3250 quarum

648 3319 868 3368 sensu
919 3287 1258 3390 ambiguo
1308 3307 1528 3390 poeta
1573 3297 1757 3370 mihi
1806 3297 2102 3371 videtur
2150 3297 2433 3369 lusisse.
2511 3299 2930 3374 Secundum
2995 3302 3326 3398 priorem
3348 3277 3616 3417 )Le‘=·uti
3660 3301 4020 3397 significat
4069 3324 4270 3390 rem,

650 3447 994 3539 fractam,
1049 3449 1154 3536 ita
1204 3447 1310 3517 uti
1362 3444 1631 3515 dicitur
1705 3423 1962 3565 )l-m.ci
2035 3454 2238 3572 ’δ’-ΑΞ,
2352 3447 2504 3518 olla
2556 3448 2819 3520 fracta.
2967 3448 3086 3524 Ad
3173 3451 3572 3521 secundam
3672 3451 4239 3546 explicationem

647 3607 851 3669 recte
919 3577 1461 3693 percipiendam
1481 3646 1507 3689 ,
1610 3623 1793 3694 opus
1860 3609 1973 3672 est
2034 3598 2475 3670 accuratiori
2560 3599 2980 3692 cognitione
3046 3597 3161 3669 rei
3225 3597 3619 3671 aleatoriae
3682 3599 3876 3694 apud
3927 3596 4230 3682 Arabes.

660 3747 957 3820 Scilicet
1003 3747 1145 3817 hoc
1194 3771 1422 3841 genus
1488 3749 1849 3822 sortiendi
1921 3754 2321 3826 vocabatur
2341 3720 2673 3868 foa-usi,
2774 3749 2946 3822 Hoc
3005 3749 3162 3821 ludi
3231 3770 3460 3842 genus
3525 3749 3630 3819 ita
3695 3749 4238 3821 instituebatur.

651 3873 939 3969 Empto
1004 3871 1265 3942 cameli
1315 3872 1519 3984 pullo
1570 3884 1646 3944 et
1696 3886 2012 3946 mactato
2062 3889 2137 3947 et
2184 3877 2264 3947 in
2314 3878 2573 3954 decem
2623 3886 2866 3971 partes
2937 3875 3374 3966 distributo,
3430 3873 3522 3941 ad
3557 3874 4009 3948 sortiendum
4062 3900 4245 3946 con-

668 4021 1062 4095 veniebant
1084 3992 1401 4136 jau-³335
1496 4021 1546 4091 l.
1599 4048 1668 4104 e.
1742 4026 2150 4103 sortitores.
2277 4028 2533 4099 Sortes
2602 4048 2782 4101 vero
2845 4027 3115 4121 partim
3184 4025 3326 4098 sibi
3392 4022 3792 4117 adscriptas
3871 4024 4243 4095 habebant

667 4170 1045 4264 portiones
1098 4174 1387 4263 cameli,
1441 4177 1709 4269 partim
1773 4187 1985 4248 erant
2046 4167 2342 4268 ἀσήμοι.
2462 4164 2731 4245 Latine
2794 4173 3199 4245 adscribam
3267 4173 3622 4268 quaedam
3668 4172 3833 4245 loca
3895 4169 4242 4260 Arabica,

673 4317 864 4387 quae
916 4301 1235 4370 maxime
1286 4299 1532 4374 valent
1582 4298 1678 4369 ad
1727 4321 1886 4371 rem
1937 4298 2484 4378 illustrandam:
2589 4297 3024 4391 «Solebant,
3083 4295 3364 4394 quoties
3430 4298 3684 4371 sortiri
3746 4293 4063 4387 vellent,
4118 4318 4252 4366 ca·-

678 4419 855 4489 meli
903 4420 1212 4516 pullum,
1262 4426 1505 4519 pretio
1555 4421 1794 4517 facto,
1846 4423 2282 4521 jugulatum,
2340 4437 2725 4520 antequam
2788 4425 3279 4513 sortirentur,
3333 4423 3412 4494 in
3472 4431 3716 4517 partes
3767 4421 4024 4513 viginti
4083 4431 4251 4491 octo

645 4541 805 4613 'vel
853 4542 1076 4616 denas
1129 4546 1529 4641 dispartiri,
1582 4571 1894 4644 cumque
1938 4549 2237 4643 singulis
2284 4552 2720 4622 nominatim
2772 4547 3309 4642 educerentur,
3364 4549 3686 4624 victores
3732 4546 4031 4638 haberi,
4088 4545 4248 4640 qui·-

674 4666 812 4736 bua
860 4668 1245 4762 prodirent
1293 4684 1529 4743 sortes
1580 4673 2040 4767 portionibus
2093 4674 2503 4770 adscriptis,
2570 4676 2750 4752 victi
2818 4687 3091 4769 autem,
3172 4675 3434 4771 quibus
3496 4673 3881 4772 prodirent
3955 4667 4250 4762 ἀσήμοι.

679 4787 970 4863 Addam
1019 4791 1264 4866 locum
1315 4818 1409 4867 ex
1458 4789 2025 4869 Alzamascharii
2076 4802 2611 4871 commentario
2674 4801 2751 4873 in
2817 4801 3291 4880 coranumg»
3395 4799 3483 4874 ,Si
3552 4800 3671 4870 cui
3742 4794 4080 4893 prodiret
4124 4816 4251 4863 sa·-

672 4915 860 5007 gitta
910 4915 1153 5014 aliqua
1216 4943 1311 4991 ex
1358 4921 1489 5011 iis,
1560 4921 1820 5017 quibus
1884 4927 2255 5020 portiones
2322 4926 2744 5019 adsignatae
2822 4935 3063 4997 essent
3089 4978 3110 5015 ‚
3177 4927 3598 5021 portionem
3664 4921 3776 4992 illi
3821 4917 4252 5014 inscriptam

680 5040 1107 5137 accipiebat,
1161 5044 1275 5116 sin
1327 5070 1423 5116 ex
1470 5047 1586 5137 iis,
1644 5049 1904 5144 quibus
1953 5049 2195 5122 nullae
2244 5050 2662 5145 portiones,
2733 5049 2920 5123 nihil
2974 5051 3272 5120 omnino
3334 5047 3734 5144 accipiebat
3787 5056 3863 5116 et
3958 5043 4247 5135 integro

670 5166 938 5236 cameli
985 5169 1229 5262 pretio
1278 5169 1853 5244 mulctabatur.“
1954 5172 2127 5247 Duo
2200 5170 2429 5251 fuisse
2458 5205 2465 5212 ·
2492 5176 2837 5250 videntur
2898 5177 3117 5273 hujus
3185 5173 3344 5248 ludi
3394 5195 3690 5269 genera.
3793 5168 4048 5241 Unum
4114 5164 4246 5237 ubi
