4659 5900
1935 501 2516 588 ...25-

3813 562 3866 615 a?

728 729 899 838 &43
971 757 1082 817 est
1124 746 1207 816 in
1254 746 1477 817 modo
1528 745 2043 831 conditionali,
2096 749 2266 843 quia
2303 746 2562 816 eadem
2611 745 2804 817 inter
2851 747 2980 816 has
3030 746 3205 814 duas
3256 742 3790 837 propositiones
3841 766 4014 814 con-

453 865 732 962 junctio
783 883 919 961 est,
973 893 1057 940 ac
1106 872 1171 941 si
1219 869 1491 940 dictum
1543 883 1766 942 esset:
1846 872 1926 941 Si
1979 874 2368 957 consistitis
2415 870 2883 964 plorabimus.
2985 868 3158 939 Non
3209 889 3387 940 vero
3437 867 3693 936 modus
3745 866 4012 938 condi-

456 1022 746 1092 tionalis
796 1024 1073 1115 positus
1123 1032 1234 1093 est
1304 1033 1615 1117 propter
1677 1022 2189 1117 imperativum
2242 995 2372 1097 ΒΕ.
2453 1018 2546 1090 cf.
2597 1019 2716 1089 De
2767 1017 2989 1111 Sacy,
3055 1038 3365 1108 gramm.
3441 1010 3567 1084 Ar.
3635 1013 3670 1083 1
3720 1040 3790 1109 p.
3855 1014 4018 1086 136.

454 1153 621 1233 412.
668 1157 720 1215 t.
771 1144 846 1216 11
894 1173 961 1242 p.
1016 1148 1111 1219 55
1163 1159 1317 1221 not.
1421 1146 1715 1218 Eodem
1776 1149 1999 1219 modo
2086 1146 2570 1239 Kosegarten.
2667 1144 2747 1212 in
2833 1139 3206 1212 Moallaka
3287 1135 3524 1209 Anu-u
3608 1137 3755 1208 ben
3818 1134 4017 1209 Kuel-

457 1338 659 1410 thum
707 1363 775 1415 v.
834 1363 925 1412 10
972 1365 1112 1437 pro
1183 1287 1507 1468 ώῐῖὶ,
1596 1342 1793 1442 quod
1842 1342 1920 1412 in
1968 1350 2177 1415 textu
2246 1338 2509 1428 habet,
2575 1336 3036 1407 scribendum
3099 1337 3319 1429 dicit,
3411 1273 3700 1423 eil&
3720 1413 3745 1454 ‚
3883 1331 4016 1405 fut.

448 1544 971 1621 Dschsmatum
1021 1577 1153 1624 seu
1199 1555 1717 1645 conditionale,
1774 1549 1973 1648 quod
2022 1556 2262 1620 exstat
2308 1547 2388 1618 in
2437 1545 2594 1619 cod.
2647 1545 3026 1616 Gothano.
3095 1543 3187 1616 cf.
3239 1542 3625 1640 Kosegart.
3677 1544 3771 1615 ad
3819 1541 4023 1619 Amr.

459 1672 532 1742 b.
588 1673 838 1745 Kelth.
890 1702 959 1771 p.
1013 1680 1133 1765 34.

649 1818 1088 1893 Insolentius
1142 1836 1253 1897 est
1300 1826 1602 1897 nomina
1647 1823 1985 1895 locorum
2048 1816 2391 1911 conjungi
2453 1837 2591 1910 per
2654 1811 3090 1910 particulam
3139 1805 3239 1890 Q
3339 1815 3469 1884 sed
3547 1824 3790 1886 tamen
3867 1838 4020 1885 non

448 1945 753 2016 omnino
802 1949 1251 2020 inusitatum.
1304 1950 1397 2022 cf.
1451 1950 1719 2021 Lebidi
1755 1945 2198 2018 Moallakam
2262 1964 2321 2010 1.
2379 1947 2448 2026 4.
2509 1942 2618 2009 18.
2670 1941 2758 2011 cl.
2811 1938 3181 2034 Freytagii
3231 1962 3538 2035 regnum
3586 1938 3833 2013 Saahd
3881 1939 4024 2015 Al·-

444 2071 701 2141 daulae
751 2097 820 2166 p.
878 2081 994 2159 94.
1096 2075 1215 2147 De
1266 2075 1454 2170 Sacy·
1500 2097 1805 2168 gramm.
1862 2070 2079 2143 Arab.
2128 2079 2181 2140 t.
2234 2065 2269 2135 I
2318 2089 2391 2160 p.
2446 2064 2616 2138 593.

651 2221 918 2317 Incipit
966 2246 1267 2295 carmen
1317 2248 1485 2296 cum
1536 2223 2049 2295 adhortatione
2096 2232 2357 2317 poetae
2406 2219 2500 2289 ad
2549 2219 2845 2311 amicos,
2896 2227 2982 2290 ut
3028 2218 3433 2309 consistant
3480 2229 3558 2289 et
3601 2237 3852 2287 secum
3902 2212 4032 2283 de-

445 2344 742 2441 plorent
791 2348 1108 2417 amasiae
1158 2348 1617 2439 memoriam,
1670 2348 1747 2416 in
1813 2345 1978 2416 loco
2028 2346 2158 2417 ubi
2227 2344 2407 2415 olim
2456 2346 2584 2416 illa
2631 2347 3114 2436 habitaverit,
3167 2370 3365 2418 nunc
3418 2347 3712 2418 deserto
3766 2349 3843 2414 et
3891 2364 4035 2412 ru·-

450 2471 749 2541 deribus
798 2471 1038 2565 pleno.
1156 2472 1323 2544 Mos
1393 2473 1591 2543 enim
1641 2482 1802 2542 erat
1848 2469 2212 2543 Arabibus
2261 2469 2590 2539 carmina
2634 2471 2995 2565 auspicari
3042 2470 3136 2541 ab
3186 2492 3443 2540 amore
3507 2468 3838 2562 adeoque
3888 2487 4038 2535 ne·-

449 2596 870 2685 cessarium,
936 2609 1020 2668 ut
1068 2597 1147 2666 in
1207 2596 1443 2688 justae
1496 2594 2007 2687 magnitudinis
2058 2593 2505 2665 carminibus
2568 2594 2718 2666 tale
2786 2595 3172 2669 exordium
3224 2592 3476 2665 deesse
3544 2615 3696 2665 non
3757 2598 4030 2685 posset,

446 2742 744 2808 Μ
820 2732 1129 2795 vocatur
1176 2721 1327 2792 tale
1379 2721 1769 2793 exordium
1822 2744 1867 2790 a
1915 2740 2171 2794 em
2221 2717 2506 2793 referre
2534 2742 2758 2813 genus
2809 2732 2935 2793 aut
2995 2743 3270 2793 nomen
3317 2718 3798 2814 aliquorsum,
3861 2715 4034 2810 quia

452 2870 500 2915 a
548 2847 964 2917 nominibus
1034 2846 1484 2918 feminarum
1556 2856 1899 2939 poemata
1961 2845 2289 2941 dignosci
2352 2854 2427 2914 et
2504 2845 2966 2918 circumferri
3035 2845 3388 2918 solebant.
3463 2840 3560 2914 cf.
3630 2838 3874 2912 Reisk.
3942 2839 4041 2910 ad

447 2968 684 3059 Thar,
737 2996 811 3065 p.
862 2977 981 3057 40.
1034 2995 1187 3065 sqq.
1286 2953 1860 3062 Diligentissime
1930 2970 2125 3041 hunc
2173 2992 2460 3042 morem
2511 2972 2999 3047 observarunt
3059 2974 3389 3045 omnium
3439 2980 3724 3064 septem
3773 2965 4032 3039 Moal-

445 3094 778 3167 lakarum
856 3106 1216 3168 auctores.
1280 3093 1378 3166 cf.
1450 3093 1718 3165 Lebidi
1779 3093 2122 3165 Moallak.
2188 3095 2287 3169 V.
2341 3097 2381 3167 I
2426 3121 2585 3193 sqq.
2695 3097 3018 3172 Antarae
3087 3098 3438 3171 Moallak.
3503 3094 3599 3168 V.
3659 3117 3689 3163 1
3735 3135 3784 3151 -
3823 3099 3891 3184 5.
3943 3091 4036 3164 cl·

454 3216 824 3291 Willmet.
903 3221 995 3291 ad
1055 3219 1228 3293 Ant.
1298 3244 1373 3313 p.
1445 3239 1581 3310 117
1648 3241 1807 3313 sqq.
1856 3216 1947 3288 cl.
1998 3218 2542 3292 Rosenmiiller.
2592 3223 2685 3292 ad
2746 3224 3042 3293 Zohair.
3111 3247 3183 3318 p.
3238 3245 3353 3318 27.
3473 3223 3795 3295 Carmen
3870 3215 4037 3289 Na-

452 3344 680 3439 begae
732 3370 845 3441 ap.
918 3345 1035 3452 Cl.
1087 3345 1207 3416 De
1258 3345 1472 3440 Sacy,
1523 3343 1916 3415 chrestom.
1969 3341 2192 3417 Arab.
2241 3358 2299 3424 t.
2347 3347 2407 3419 I.
2506 3346 2808 3442 Optime
2874 3350 2998 3428 de,
3034 3351 3178 3423 hoc
3239 3345 3565 3422 Arabum
3615 3347 4035 3442 priscorum

437 3494 648 3543 more
713 3473 899 3544 dixit
966 3472 1347 3562 Jonesius,
1419 3493 1615 3564 poes-
1683 3468 1909 3541 Asiat.
1975 3453 2362 3542 comment.
2441 3498 2607 3568 opp.
2654 3483 2713 3551 t.
2760 3474 2871 3546 VI
2920 3499 2988 3570 p.
3063 3496 3205 3569 279
3271 3499 3456 3570 sqq.,
3530 3473 3735 3564 cujus
3801 3470 4033 3545 verba

446 3618 841 3691 apponam:
899 3596 1281 3692 »Antiquis
1332 3594 1660 3668 Arabum
1710 3596 1946 3691 poetis
1995 3620 2155 3667 mos
2217 3604 2380 3667 erat
2428 3597 2754 3665 carmina
2803 3597 3046 3666 omnia
3093 3597 3249 3669 sive
3299 3595 3394 3668 de
3443 3597 3666 3667 rebus
3715 3590 4028 3679 bellicis,
4121 3583 4134 3596 ’

446 3716 599 3790 sive
650 3720 740 3791 de
810 3720 953 3793 viri
1012 3719 1317 3791 illustris
1408 3717 1830 3789 laudatione
1924 3717 2017 3788 ab
2108 3710 2389 3788 amicae
2469 3716 2956 3813 descriptione
3034 3719 3284 3789 ordiri.
3434 3715 3683 3811 Hujus
3730 3735 4034 3810 poeseos

447 3845 649 3917 idem
736 3843 897 3916 fere
964 3857 1075 3917 est
1171 3854 1678 3941 argumentum
1760 3855 1836 3919 et
1913 3845 2109 3917 idem
2185 3855 2428 3920 tenor.
2474 3838 2782 3914 Amator
2837 3839 3177 3940 languet,
3263 3841 3641 3936 queritur,
3697 3847 4032 3933 moeret3

448 3969 720 4043 deinde
769 3968 1086 4040 laetatur
1136 3980 1212 4040 et
1271 3968 1635 4062 exsultat,
1684 3972 2065 4042 absentem
2128 3969 2440 4039 amicam
2513 3968 2836 4062 quaerit,
2917 3988 3094 4038 mox
3157 3977 3616 4062 praesentem
3718 3964 4034 4036 duritiae

449 4091 845 4164 insimulat.
944 4091 1239 4162 Deinde
1287 4093 1515 4187 cupit,
1586 4094 1914 4186 angitur,
1984 4091 2221 4181 timet,
2274 4091 2637 4164 irascitur.
2758 4092 3104 4188 Denique
3167 4103 3504 4164 naturam
3566 4091 3707 4163 sibi
3768 4111 4035 4187 parere

454 4223 790 4286 autumat
843 4225 919 4284 et
965 4212 1061 4283 ad
1122 4212 1571 4284 desiderium
1621 4238 1835 4284 suum
1882 4213 2279 4287 levandum
2326 4239 2753 4289 conversam
2803 4215 2900 4285 iri
2959 4225 3270 4310 sperat.»
3378 4215 3693 4309 Egregie
3766 4213 3857 4284 ad
3918 4224 4040 4285 to-

448 4352 603 4411 tam
650 4340 840 4410 hanc
908 4361 1071 4410 rem
1121 4338 1633 4411 illustrandam
1686 4340 1960 4432 valent,
2015 4364 2199 4435 quae
2248 4311 2506 4412 attulit.
2541 4341 2785 4412 Reisk.
2837 4341 2929 4413 ad
2982 4342 3213 4412 Thar.
3266 4366 3338 4437 p.
3393 4342 3530 4428 45.1
3625 4339 3816 4435 »Ipsi
3865 4360 4035 4436 poe-

456 4473 575 4531 tae
640 4460 1076 4556 plerumque
1142 4463 1459 4534 scenitae
1524 4473 1735 4534 erant
1803 4473 1917 4554 et,
1985 4461 2182 4556 quod
2258 4466 2455 4537 illius
2503 4468 2699 4540 vitae
2764 4479 3029 4539 natura
3073 4467 3393 4564 postulat
3421 4518 3443 4559 ,
3545 4468 3623 4538 in
3680 4477 4041 4563 perpetuo

449 4597 663 4658 motu
752 4585 1113 4681 fugientes
1175 4588 1484 4661 amasias
1574 4591 2231 4686 persequebantur,
2300 4594 2499 4664 inter
2562 4593 2739 4664 alias
2805 4617 3024 4689 quam
3081 4595 3436 4691 plurimas
3504 4615 3754 4664 causas
3815 4591 4049 4664 luxu-

444 4712 701 4783 riantis
758 4722 1004 4785 terrae
1054 4727 1131 4786 et
1196 4715 1449 4812 pabuli
1502 4717 1712 4813 copia
1759 4717 2015 4788 illecti:
2066 4716 2249 4787 Inde
2297 4716 2599 4807 factum,
2653 4726 2736 4786 ut
2784 4718 3065 4789 cineres
3120 4716 3456 4810 disjectos
3479 4769 3505 4808 ,
3559 4717 4045 4812 pristinorum

443 4840 853 4914 incolarum
928 4854 1445 4936 monumenta3
1506 4854 1782 4915 terram
1850 4843 2017 4915 foco
2091 4854 2168 4914 et
2230 4841 2516 4934 ignibus
2587 4840 3034 4933 denigratam
3055 4888 3079 4932 ,
3147 4840 3423 4936 lapides
3442 4891 3466 4933 ,
3544 4840 3804 4936 quibus
3857 4837 4039 4911 ollas

440 4962 878 5063 fulciebant,
966 4971 1415 5062 derelictos3
1494 4993 1827 5066 aggerem
1902 4969 2222 5042 tentorio
2288 4964 2808 5038 circumfusum
2880 4964 3056 5038 olim
3081 5018 3102 5056 ,
3176 4990 3371 5040 nunc
3442 4966 3843 5061 collapsum
3910 4976 4041 5038 aut

434 5088 914 5191 inundatum3
990 5097 1135 5170 alia
1192 5097 1543 5194 pingant,
1640 5096 1991 5192 sedesque
2061 5105 2326 5187 vastas,
2380 5093 2784 5168 amicorum
2831 5089 3231 5165 absentiam
3259 5144 3282 5181 ‚
3345 5114 3668 5168 accessus
3719 5087 4048 5166 difficul-

3217 5222 3271 5302 4
