4659 5900
654 800 747 876 V.
799 801 920 875 66.

651 1047 749 1123 V.
800 1053 920 1141 67.

651 1528 750 1618 V'.
800 1545 922 1640 69.

651 1791 746 1866 V.
802 1816 919 1885 7o.
966 1770 973 1775 ’

648 2036 745 2112 V.
801 2061 921 2131 71.

652 2286 746 2361 V.
803 2307 925 2381 72.

656 2436 752 2606 v.
805 2533 925 2627 75.

624 2779 747 2855 'V.
802 2789 925 2872 74.

653 3022 746 3100 V.
800 3027 920 3119 75.

2134 608 2727 661 ...αα-...-

1022 801 1341 897 Vesperi
1404 801 1776 877 rediimus.
1906 800 2160 877 Paene
2235 796 2520 879 deficit
2551 795 2845 867 obtutus
2908 796 2988 865 in
3052 818 3144 867 eo
3210 791 3793 887 contem11ando.
3895 793 3974 864 Si
4026 794 4222 875 oculi

993 937 1411 1021 spectarunt
1459 927 1617 1019 ejus
1668 935 1911 1021 partes
1961 925 2410 1019 superiores,
2466 920 2918 991 descendunt
2967 919 3060 990 ad
3110 932 3357 1015 partes
3408 916 3835 993 inferiores.

1021 1049 1266 1122 Noctu
1333 1056 1718 1147 permanet
1776 1051 2127 1133 instratus
2201 1056 2278 1118 et
2367 1044 2697 1118 frenatus
2764 1054 2840 1114 et
2898 1054 3290 1137 pernoctat
3383 1054 3579 1117 stans
3664 1043 3744 1115 iu
3833 1056 4229 1138 conspectu

906 1242 911 1251 ,
996 1198 1204 1264 meo,
1284 1197 1437 1244 non
1482 1186 1767 1269 pastum
1820 1173 2180 1245 dimissus.

649 1243 746 1371 x'r.
797 1299 917 1369 68.

1021 1297 1093 1368 Ο
1144 1298 1340 1368 socie
1393 1299 1523 1387 mi,
1581 1298 1879 1371 videsne
1930 1296 2181 1390 fulgur
2203 1351 2224 1385 ,
2306 1295 2514 1389 cujus
2565 1316 2699 1385 ego
2747 1290 2887 1363 tibi
2948 1294 3374 1365 monstrabo
3441 1291 3913 1386 splendorem
3963 1314 4227 1364 corus-

995 1417 1333 1515 cantem?
1381 1421 1699 1495 similem
1747 1444 2099 1507 manuum
2147 1417 2616 1507 motitationi,
2670 1417 2749 1489 in
2795 1417 2992 1488 nube
3042 1427 3565 1509 coagmentata,
3620 1428 3997 1495 coronata.

1025 1545 1265 1615 Lucet
1316 1545 1473 1637 ejus
1521 1545 1898 1638 splendor,
1952 1555 2037 1615 ut
2086 1545 2362 1640 lampas
2426 1540 2766 1615 monachi
2795 1593 2821 1633 ,
2893 1542 3022 1639 qui
3079 1542 3356 1617 bonam
3409 1542 3556 1615 olei
3619 1544 3906 1636 copiam
3968 1540 4224 1614 affudit

1006 1668 1374 1764 ellychnio
1424 1680 1783 1743 contorto.

1022 1792 1346 1863 Consedi
1418 1792 1513 1861 ad
1577 1816 1747 1864 eum
1823 1793 2509 1887 contemplandum,
2633 1816 2800 1867 cum
2871 1790 3053 1865 socii
3118 1791 3268 1865 mei
3333 1801 3575 1867 ment
3618 1790 3817 1862 inter
3864 1791 4228 1863 Daridsch

997 1929 1073 1988 et
1123 1916 1361 1989 Uzeib
1413 1927 1491 1987 et
1537 1915 2020 2011 longinquum
2071 1930 2232 1988 erat
2277 1917 2384 2002 id,
2441 1919 2640 2012 quod
2691 1915 3306 2009 contemplabar.
4205 1992 4212 2001 ,

1024 2039 1263 2133 Super
1318 2038 1586 2130 Kadn,
1643 2064 1811 2110 cum
1877 2038 2128 2133 fulgur
2182 2042 2774 2132 considerarem,
2847 2050 3009 2111 erat
3058 2039 3319 2111 dextra
3365 2036 3659 2134 pluviae
3708 2039 3865 2129 eius
3929 2041 4232 2134 ejusque

998 2163 1298 2235 sinistra
1346 2187 1567 2259 super
1616 2164 1810 2237 Sitar
1864 2176 1939 2236 et
1983 2165 2269 2235 Jadbul.
4009 2238 4016 2247 ,

1025 2286 1313 2382 Aquam
1378 2289 1639 2387 effudit
1707 2290 2012 2359 circum
2051 2289 2527 2384 Kutheifam,
2599 2289 3058 2387 projecitque
3106 2287 3184 2356 in
3235 2284 3502 2359 faciem
3569 2290 3878 2379 arbores
3943 2313 4232 2385 magnas

1003 2409 1405 2491 Kanhabil.

1028 2533 1275 2626 Hujus
1324 2535 1582 2610 imbris
1632 2547 1883 2631 guttae
1932 2547 2414 2632 praetereunt
2462 2549 2792 2613 montem
2839 2538 3110 2613 Kenan
3158 2549 3239 2610 et
3310 2539 3754 2613 descendere
3813 2538 4095 2613 faciunt
4141 2537 4234 2609 ab

998 2681 1087 2728 eo
1138 2659 1567 2753 ,rupicapros
1619 2660 1995 2753 albipedes
2047 2683 2142 2731 ex
2190 2666 2395 2737 omni
2441 2663 2625 2735 loco.

1020 2780 1108 2851 In
1160 2781 1425 2853 Teima
1472 2807 1621 2854 non
1672 2782 2022 2879 relinquit
2082 2799 2430 2858 truncum
2479 2789 2761 2884 palmae
2809 2807 3050 2880 neque
3097 2783 3502 2879 palatium,
3568 2788 3711 2860 nisi
3778 2790 3979 2884 quod
4028 2786 4225 2881 lapi-

1000 2903 1213 2975 dibus
1263 2917 1374 2976 est
1425 2914 1897 2982 exstructum.

1023 3026 1313 3099 Thebir
1362 3030 1442 3102 in
1488 3030 1707 3124 hujus
1757 3031 2016 3104 imbris
2063 3035 2540 3130 primordiis,
2595 3034 2853 3110 similis
2903 3044 3016 3110 est
3062 3039 3230 3112 viro
3293 3040 3659 3139 principi,
3715 3038 3962 3116 velato
4026 3047 4234 3109 veste

1001 3154 1280 3222 striata.

906 3328 924 3349 .
1025 3276 1425 3370 Fastigium
1475 3300 1845 3350 summum
1893 3277 2102 3349 collis
2152 3278 2684 3374 Mudschaimir
2728 3247 3064 3378 tempore
3115 3289 3523 3380 matutino,
3575 3298 3880 3383 propter
3927 3298 4240 3368 torrem-

996 3411 1152 3473 tem
1200 3410 1277 3470 et
1328 3423 1446 3471 res
1493 3401 1589 3472 ab
1640 3424 1731 3471 eo
1783 3399 2060 3491 allatas,
2114 3403 2372 3478 similis
2425 3417 2535 3478 est
2583 3409 2913 3482 orbiculo
2966 3410 3111 3496 fusi
3161 3412 3565 3488 muliebris.

904 3574 921 3594 .
1024 3522 1334 3616 Projicit
1400 3547 1582 3596 onus
1656 3548 1869 3595 suum
1940 3527 2054 3596 .in
2117 3527 2664 3626 Sahralgabith‚
2769 3545 2853 3605 ut
2929 3536 3226 3610 advenit
3307 3539 3387 3612 in
3467 3536 3788 3631 hospitio
3864 3542 4238 3616 mercator

996 3645 1475 3739 lemanensis,
1532 3671 1909 3745 possessor
1954 3651 2264 3724 vestium
2313 3653 2790 3747 pulchrarum
2814 3710 2837 3748 ,
2891 3672 3373 3753 portaturum.

901 3822 920 3839 .
1021 3768 1215 3843 Aves
1262 3773 1342 3843 in
1403 3771 1595 3845 valle
1651 3769 1915 3846 Makak
1984 3785 2317 3870 tempore
2368 3782 2730 3854 matutino
2781 3783 3129 3856 videntur
3176 3787 3448 3858 bibisse
3496 3794 3754 3881 potum
3798 3781 4234 3860 matutinum

1003 3895 1156 3966 vini
1250 3897 1621 3987 generosi,
1676 3896 2016 3989 piperati.

906 4071 922 4087 .
1024 4015 1196 4091 Acsi
1241 4017 1445 4126 ferae
1499 4043 1589 4089 eo
1651 4019 2031 4093 demersae
2050 4073 2077 4116 ,
2128 4023 2210 4095 in
2278 4025 2635 4098 tractibus
2698 4030 2854 4124 ejus
2904 4033 3172 4105 dissitis
3194 4084 3219 4127 ,
3339 4031 3688 4129 vesperi,
3754 4033 3898 4104 sint
3945 4028 4235 4100 radices

982 4163 1328 4237 ceparum
1374 4142 1849 4216 marinarum.
