4659 5900
2144 524 2690 609 ...6-

615 773 977 849 Genditae
1014 784 1252 846 erant
1296 771 1543 869 (spec.
1592 768 1764 844 hist.
1814 767 1947 845 Ar.
1995 792 2068 866 p.
2122 769 2273 845 519
2297 768 2471 841 edit.
2525 739 3024 860 alays-„aff”
3096 736 3353 869 2323„
3429 739 3582 872 „ist
3655 742 3839 846 est!
3909 764 4211 899 seb-⁴

619 920 797 996 rege
845 900 1174 975 destituti
1222 921 1308 972 ac
1356 898 1761 973 devorabat
1805 896 2184 994 potentior
2228 888 2738 968 infirmior-eni.
2838 886 3192 961 Hodschr
3237 911 3378 959 rex
3424 885 3700 982 factus,
3776 911 3898 963 res
3946 912 4218 964 eorum

616 1024 807 1098 bene
874 1023 1314 1114 constituit,'
1382 1021 1785 1118 imperium
1842 996 2124 1114 ⁸optime
2212 1014 2756 1091 administravit
2833 1012 3083 1107 sicque
3152 1029 3367 1106 agere
3439 1010 3768 1107 perstitit
3817 1036 4049 1108 usque
4113 1011 4210 1086 ad

613 1156 960 1223 mortem.
1063 1146 1262 1219 Eum
1299 1156 1589 1217 secutus
1641 1154 1753 1216 est
1799 1139 2064 1236 Amru,
2101 1142 2535 1237 cognomine
2588 1138 2915 1211 Maksur.
3014 1134 3169 1231 Qui
3217 1160 3388 1207 cum
3435 1147 3770 1208 mortuus
3822 1148 4056 1227 esset,
4111 1138 4209 1212 ad

616 1292 925 1365 regnum
973 1271 1322 1368 pervenit
1369 1266 1732 1341 Alhareth
1787 1278 1864 1339 et
1907 1277 2206 1339 strenue
2257 1265 2648 1362 valideque
2695 1264 3087 1359 imperium
3136 1261 3374 1356 gessit.
3477 1260 3546 1336 Α
3593 1261 3914 1334 Kobado
3936 1315 3961 1353 ‚
4020 1263 4208 1335 Per-⁵

611 1404 850 1464 satum
903 1416 1078 1487 rege
1098 1446 1120 1485 ,
1176 1392 1523 1468 invitatus
1577 1392 2068 1463 Zendicorum
2119 1390 2459 1487 dogmata
2530 1386 2812 1484 accepit
2884 1394 2961 1457 et
3028 1386 3342 1457 donatus
3410 1395 3524 1456 est·
3591 1406 3636 1453 a
3683 1383 3998 1457 Kobado
4044 1393 4205 1458 tota

621 1517 903 1589 ditione
958 1517 1346 1608 Mondari‚
1430 1514 1563 1586 filii
1626 1515 2144 1609 Maalfemaae,
2197 1516 2393 1611 regis
2449 1514 2731 1607 Hirae‚
2785 1505 2912 1609 qui
2961 1511 3058 1604 ei,
3111 1484 3314 1582 idem
3359 1512 3667 1604 petenti,
3721 1534 4010 1582 morem
4056 1534 4213 1585 non

612 1651 958 1735 gesserat.
1010 1639 1334 1715 {Mortuo
1384 1640 1708 1713 Kobado
1758 1662 1941 1715 vero
1989 1641 2145 1735 ejus
2192 1640 2389 1713 filius
2437 1640 3001 1731 Anuschirvan,
3047 1637 3534 1710 Zeudicomm
3584 1636 3925 1732 religioni
3971 1636 4213 1711 inimi-

615 1788 773 1861 cus,
895 1765 1345 1841 Mondarum
1394 1769 1474 1839 in
1535 1790 1841 1863 regnum
1898 1771 2240 1842 restituit.
2357 1766 2781 1841 Harethum
2850 1764 3254 1860 fugientem
3313 1763 3717 1837 Mendai-us
3786 1775 4214 1860 persecutus

606 1910 782 1967 ‘cum
836 1895 1204 1993 equitibus
1256 1894 1861 1991 Thaglebitarum
1889 1950 1911 1991 ‚
1966 1899 2162 1994 cepit
2207 1898 2366 1995 ejus
2415 1916 2592 1993 ppes
2647 1903 2722 1963 et
2772 1890 3251 1986 quadraginta
3302 1900 3474 1961 octo
3519 1888 3845 1962 filiorum
3892 1887 4214 1963 Akelol-

610 2038 870 2091 morar
912 2040 1185 2112 eosque
1233 2019 1327 2089 ad
1375 2042 1620 2090 unum
1688 2043 1939 2093 omnes
2003 2020 2383 2094 interfecit
2439 2022 2524 2091 ‘in
2591 2020 2890 2114 regione
2956 2016 3496 2089 Merinitarum.
3614 2019 3935 2089 Carmen
3959 2002 3992 2013 ”
4012 2015 4214 2089 Am·-

614 2143 924 2216 rulkeisi
983 2143 1080 2216 de
1127 2144 1271 2217 hac
1316 2167 1403 2217 re
1455 2155 1694 2223 exstat
1746 2172 1861 2242 ap.
1912 2144 2232 2220 Pocock.
2303 2172 2377 2242 p.
2431 2153 2603 2235 444.
2708 2126 3093 2217 Harethus
3147 2166 3329 2220 vero
3396 2142 3570 2236 fuga
3629 2166 3710 2215 se
3769 2141 4084 2214 contulit
4137 2138 4223 2213 in

614 2270 994 2363 regionem
1033 2267 1536 2364 Kalbitarnm‚
1583 2270 1713 2343 ubi
1746 2272 2096 2343 manebat
2128 2293 2362 2365 usque
2391 2270 2489 2341 ad
2525 2279 2874 2361 mortem,
2931 2269 3022 2339 de
3052 2284 3200 2364 qua
3234 2265 3609 2361 opiniones
3645 2275 3814 2337 sunt
3852 2266 4210 2341 diversae.

612 2389 962 2467 Kalbitae
1036 2393 1336 2488 dicunt,
1429 2418 1511 2467 se
1588 2404 1761 2468 eum
1824 2394 2303 2470 interfecisse.
2427 2396 2791 2469 Cenditae
2874 2416 3057 2470 vero
3117 2417 3288 2466 eum
3307 2444 3331 2484 ‚
3420 2416 3591 2464 cum
3673 2392 3754 2463 in
3820 2391 4213 2467 venatione

611 2528 1185 2614 prosequeretur
1242 2524 1505 2614 aprum
1527 2572 1550 2613 ,
1618 2521 1909 2595 vovisse
1957 2544 2039 2590 se
2088 2520 2378 2593 nullum
2424 2526 2630 2620 prius
2701 2523 2946 2594 cibum
2995 2530 3424 2592 sumturum
3458 2540 3678 2614 quam
3726 2517 4220 2590 comedimset

560 2706 561 2709 ,
614 2643 708 2715 de
755 2643 971 2738 hujus
1020 2644 1183 2741 apri
1231 2667 1474 2719 carne.
1572 2642 1957 2717 Mortuum
2007 2648 2232 2741 igitur
2283 2670 2442 2718 esse
2491 2644 2774 2737 inedia,
2876 2666 3044 2715 cum
3093 2665 3356 2738 aprum
3403 2641 3689 2735 assequi
3735 2662 3894 2711 non
3938 2650 4206 2735 posset.

612 2748 768 2843 Alii-
812 2768 1066 2840 dicunt
1113 2790 1285 2839 eum
1333 2778 1575 2841 morte
1622 2792 1754 2838 sua
1818 2768 2105 2840 obiisse.
2202 2767 2568 2843 Alhareth
2629 2769 2820 2841 filios
2879 2794 3049 2840 suos
3099 2790 3312 2863 reges
3385 2767 3834 2865 imposuerat
3898 2768 4211 2842 diversis

614 2887 948 2964 Arabum
990 2890 1351 2965 tribubus.
1445 2892 1560 2966 Ita
1608 2891 1844 2965 filium
1890 2915 2109 2964 suum
2161 2892 2732 2965 Scharhabilum
2779 2915 3029 2989 regem
3077 2894 3528 2988 imposuerat
3573 2890 3945 2965 Kelabitis
3967 2943 3990 2985 ‚
4044 2915 4207 2987 pos-

612 3015 797 3086 teris
843 3012 1127 3111 Wajeli
1148 3067 1173 3108 ‚
1239 3014 1538 3090 Maaadi
1586 3017 1916 3091 Karbum
1979 3016 2163 3088 Kais
2211 3016 2516 3091 Gailanl
2578 3020 2892 3117 posteris
2911 3068 2933 3112 ,
3056 3017 3529 3091 Hodschrum
3596 3039 3782 3094 vero
3807 3071 3832 3113 ‚
3915 3030 4211 3122 patrem

613 3151 881 3238 poetae
929 3140 1195 3234 nostri,
1250 3139 1590 3216 Asaditis.
2625 3175 2638 3182 ·
3608 3205 3616 3211 .

718 3261 1039 3338 Matrem
1052 3277 1313 3363 poetae
1346 3267 1583 3338 nostri
1603 3276 1860 3339 auctor
1874 3263 2051 3340 libri
2066 3267 2296 3340 Kitab
2327 3268 2405 3339 al
2430 3272 2692 3367 aghani
2709 3247 2929 3348 vocat
2941 3273 3387 3366 Pathimmn,
3450 3270 3680 3347 filiam
3727 3275 4008 3348 Rabiae
4058 3277 4207 3351 ben

612 3385 1009 3492 *Alliaretln
1032 3391 1696 3466 sororemKoIaibi
1718 3405 1795 3466 et
1820 3393 2247 3467 Mohalheli.
2298 3394 2504 3470 Dicit
2525 3424 2706 3475 vero
2721 3425 2869 3472 non
2885 3424 3132 3472 omnes
3152 3400 3225 3469 in
3248 3424 3338 3471 eo
3354 3401 3793 3491 consentire,
3833 3401 4030 3497 quod
4042 3400 4221 3475 Am·-

616 3515 890 3588 rulkeis
912 3540 1008 3590 ex
1019 3517 1161 3590 hac
1181 3531 1415 3591 matre
1432 3531 1643 3592 natus
1670 3519 1917 3592 fuerit.
1950 3519 2187 3594 Natus
2209 3533 2320 3594 est
2337 3522 2755 3598 Amrulkeis
2774 3522 2851 3593 in
2868 3524 3165 3616 regione
3184 3507 3667 3594 Asaditaruin.
3708 3524 3900 3595 Cum
3916 3546 4099 3600 vero
4123 3526 4218 3596 ad

622 3641 1067 3718 adultiorem
1091 3657 1404 3718 aetatem
1426 3646 1931 3746 pervenisset,
1970 3647 2162 3721 vitae
2211 3623 2549 3722 s'olutiori
2582 3661 2661 3722 et
2684 3649 3178 3743 voluptatibus
3224 3646 3329 3717 ita
3350 3669 3428 3718 se
3452 3646 3679 3738 dedit,
3712 3656 3797 3718 ut
3816 3659 4030 3742 pater
4052 3672 4224 3720 eum

621 3768 1015 3842 abdicaret.
1114 3767 1574 3844 Versabatur
1631 3772 1857 3867 igitur
1926 3771 2234 3849 diversis
2300 3776 2382 3848 in
2464 3776 2644 3847 locis
2666 3830 2689 3867 ,
2786 3775 3008 3846 modo
3082 3773 3276 3868 apud
3326 3771 3657 3866 Thajitas
3679 3823 3701 3858 ‚
3753 3773 3977 3844 modo
4027 3768 4226 3867 apud

622 3884 959 3966 Bekritas
1010 3907 1086 3966 et
1131 3896 1196 3966 si
1226 3897 1644 3970 inveniebat
1665 3895 1934 3991 lacum,
1991 3911 2117 3970 aut
2144 3900 2474 3993 hortum,
2518 3912 2644 3972 aut
2672 3900 2915 3972 locun
2943 3898 3318 3973 venationi
3350 3907 3632 3992 aptum,
3665 3897 3770 3969 ibi
3784 3899 4225 3974 subsistebat

627 4030 703 4089 et
729 4019 945 4120 sociis
979 4019 1127 4091 suis
1164 4020 1382 4116 dapes
1415 4022 1721 4117 parabat
1759 4025 2015 4118 quovis
2047 4024 2187 4095 die.
2238 4024 2308 4098 Ἀ
2355 4027 2748 4128 venatione
2792 4047 3128 4096 reversus
3154 4048 3322 4096 cum
3348 4024 3565 4095 sociis
3589 4023 3735 4093 suis
3772 4023 4210 4117 epulabatur

621 4155 702 4215 et
738 4145 1037 4241 potabat
1061 4156 1139 4218 et
1169 4145 1669 4221 delectabatur
1691 4147 2154 4221 fidicinarum
2183 4162 2425 4222 cantu.
2526 4151 2697 4223 Hoc
2729 4150 2975 4221 facere
3010 4148 3298 4220 solebat
3349 4170 3582 4243 usque
3637 4146 3812 4216 dum
3857 4144 4211 4216 deficeret

621 4287 813 4364 aqua
831 4267 1091 4363 stagni.
1191 4265 1408 4341 ’nmo
1454 4272 1536 4342 ln
1585 4270 1803 4345 aliam
1851 4274 2227 4366 regionem
2277 4271 2647 4369 profectus
2674 4327 2696 4365 ‚
2747 4273 3056 4344 eandem
3105 4270 3547 4366 sequebatur
3592 4269 3804 4370 vitae!
3837 4267 4222 4339 rationem.

819 4392 1119 4468 Interea
1165 4413 1350 4471 ‘vero
1400 4392 1752 4469 Hodsehr
1770 4450 1793 4491 ,
1864 4398 2143 4471 invisus
2189 4397 2424 4471 factus
2471 4399 2784 4474 Asaditis
2802 4453 2826 4492 ‚
2913 4399 3134 4470 armis
3184 4422 3311 4468 eos
3361 4415 3733 4489 aggressus
3786 4405 3900 4466 est
3947 4417 4223 4488 eosque

619 4511 706 4592 'in
752 4531 1186 4616 potestatem
1233 4541 1438 4594 suam
1489 4524 1791 4616 redegit.
1893 4501 2102 4615 Quos
2150 4549 2320 4598 cum
2372 4524 2757 4599 durissime
2805 4538 3210 4616 tractasset,
3287 4525 3399 4595 illi
3457 4543 3627 4595 eum
3676 4521 3918 4625 subito
3970 4521 4220 4594 adorti

623 4644 1178 4722 interfecerunt.
1277 4649 1525 4741 Quam
1570 4672 1741 4721 rem·
1785 4651 2148 4746 copiosius
2217 4661 2475 4724 narrat
2520 4662 2778 4721 auctor
2826 4660 3078 4730 noster
3127 4659 3205 4719 et
3250 4647 3465 4720 affert
3536 4644 3862 4717 diversas
3912 4643 4005 4716 de
4067 4646 4226 4739 ejus

616 4781 867 4841 -morte
914 4772 1411 4868 narrationes,
1463 4798 1651 4870 quae
1700 4800 1868 4848 cum
1919 4775 2016 4848 ad
2065 4800 2226 4851 rem
2274 4787 2600 4850 nostram
2648 4773 2838 4846 nihil
2884 4774 3156 4844 faciant
3178 4822 3205 4865 ‚
3296 4795 3450 4843 non
3518 4769 3953 4841 adscribam.
4049 4768 4225 4843 Am-

628 4893 905 4968 rulkeis
924 4947 949 4990 ,
1012 4920 1180 4967 cum
1229 4896 1412 4969 baec
1462 4897 1728 4972 fierent
1750 4952 1774 4993 ‚
1869 4903 2126 4980 absens
2194 4914 2359 4974 erat
2426 4921 2739 4994 cumque
2804 4899 3102 4969 nuntius
3171 4899 3567 4970 certiorem
3631 4915 3804 4966 eum
3883 4893 4215 4968 facturus

629 5015 727 5089 de
790 5019 919 5116 iis,
984 5040 1173 5120 quae
1233 5023 1646 5097 acciderant
1716 5023 1811 5096 ad
1857 5041 2028 5099 eum
2095 5027 2387 5101 veniret
2411 5076 2432 5114 ,
2542 5023 2839 5095 sedebat
2918 5032 3086 5096 cum
3162 5034 3665 5116 computatore
3749 5023 3842 5092 ad
3922 5018 4203 5109 vinum,

498 5221 504 5228 ,
631 5155 1020 5241 occupatus
1085 5145 1253 5221 lusu
1318 5123 1788 5223 calculorum.
1944 5143 2289 5250 Cumque
2348 5149 2648 5225 nuntius
2709 5147 3028 5233 diceret:
3136 5141 3578 5219 interfectus
3658 5156 3772 5218 est
3830 5139 4206 5237 Hofflschr,
