4659 5900
618 788 735 859 his
764 785 1206 858 carminibus
1238 785 1508 854 iterum
1558 780 1905 875 perlectis
1954 788 2030 850 et
2080 799 2174 849 ex
2222 776 2384 851 aliis
2406 826 2426 864 ,
2482 794 2632 843 non
2681 793 2912 866 pauca
2960 769 3288 863 congessi
3338 769 3431 837 ad
3480 765 3991 841 illustrandum
4035 791 4189 841 car-

622 929 793 978 men
842 917 1181 976 nostrum
1231 905 1401 973 satis
1453 913 1618 996 apta
1644 953 1666 990 ,
1723 901 1825 970 ita
1871 912 1956 970 ut
2002 899 2573 972 commentarius
2621 898 2697 966 in
2766 895 3041 969 molem
3101 894 3303 966 haud
3367 915 3669 989 parvam
3718 905 4196 968 accresceret.

629 1030 913 1102 Ultimo
966 1029 1128 1100 loco
1180 1051 1478 1099 manum
1531 1024 1824 1102 admovi
1873 1023 2412 1120 prolegomenis
2460 1021 2882 1093 scribendis.

564 1128 573 1133 “
824 1151 1106 1222 Labori
1169 1174 1318 1221 non
1385 1146 1621 1219 defuit
1685 1148 2097 1243 praemium
2123 1198 2147 1238 ‚
2217 1170 2383 1245 oum
2450 1166 2546 1215 οι.
2610 1145 2963 1214 unanimo
3030 1142 3502 1214 illustrissimi
3575 1141 4197 1236 Philosophorum

629 1273 907 1345 ordinis
958 1294 1342 1364 consensu,
1392 1270 1637 1365 palma
1683 1269 1868 1338 mihi
1920 1270 2089 1339 data
2134 1270 2251 1339 sit.
2304 1268 2557 1359 Quum
2607 1268 2905 1339 interim
2956 1265 3451 1339 munificentia
3499 1267 3730 1359 Regia
3777 1269 3953 1340 novi
4009 1266 4197 1339 Aca-

635 1396 921 1466 demiae
969 1394 1369 1465 Rhenanae
1418 1394 1577 1488 typi
1623 1391 1926 1465 Arabici
1976 1392 2127 1462 dati
2178 1403 2466 1484 essent,
2518 1394 2819 1464 hortatu
2872 1391 2985 1461 Cl.
3055 1391 3424 1484 Freytagii
3486 1390 3796 1483 cogitavi
3860 1390 3956 1461 de
4012 1413 4205 1467 nova

635 1518 976 1589 carminis
1030 1516 1351 1607 editione
1400 1515 1749 1609 paranda.
1852 1513 2105 1603 Quum
2153 1534 2337 1586 vero
2388 1518 2571 1588 tales
2646 1517 2822 1587 libri
2890 1518 3433 1610 redemptorem
3484 1513 3612 1588 vix
3676 1514 4054 1588 inveniant
4123 1526 4204 1586 et

635 1654 1029 1739 propterea
1081 1641 1263 1711 haec
1315 1638 1544 1709 editio
1595 1637 1916 1732 propriis
1968 1639 2326 1708 sumtibus
2379 1650 2567 1709 esset
2615 1637 3110 1731 imprimenda
3137 1688 3157 1726 ,
3229 1645 3520 1706 coactus
3583 1658 3744 1704 sum
3823 1634 4204 1710 brevitatis

636 1766 878 1837 studio
927 1762 1162 1834 multa
1212 1762 1576 1832 omittere.
1665 1759 1923 1828 Primo
1975 1760 2273 1853 quidem
2324 1759 2603 1831 scholia
2652 1759 2807 1829 sine
2859 1757 3236 1831 vocalibus
3285 1757 3632 1848 exhibui,
3687 1780 3785 1829 ne
3833 1756 4202 1831 infinitam

637 1886 1056 1982 typothetae
1126 1880 1537 1952 molestiam
1601 1877 1955 1955 facerem.
2052 1879 2344 1950 Deinde
2426 1885 2648 1955 etiam
2717 1906 2810 1953 ne
2872 1883 3066 1954 liber
3125 1882 3340 1952 nimis
3411 1894 3904 1973 accresceret,
3963 1874 4208 1957 versio

639 2006 1088 2099 scholiorum
1137 2003 1363 2073 latina
1416 2001 1819 2072 omittenda
1868 2011 2032 2071 erat
2053 2052 2075 2091 ,
2130 2002 2211 2071 in
2260 2007 2790 2077 commentario
2839 2007 3073 2077 multa
3121 2008 3563 2097 resecanda,
3631 2008 3777 2078 alia
3843 2010 3922 2081 iu
3989 2009 4211 2081 aliun

638 2133 961 2205 formam
1012 2128 1443 2222 redigenda.
1549 2126 2092 2220 Prolegomena
2139 2145 2289 2197 non
2337 2126 2675 2198 mutilata
2723 2127 3022 2198 exhibui
3072 2130 3206 2200 sed
3253 2129 3498 2222 potius
3541 2141 3798 2221 aucta,
3847 2152 4019 2201 cum
4067 2154 4210 2201 an·-

635 2270 757 2328 tea
804 2250 1128 2322 nancisci
1174 2272 1325 2321 non
1371 2249 1771 2343 potuissem
1819 2247 2517 2341 praestantissimam
2565 2248 2678 2320 cl.
2699 2248 2818 2318 De
2868 2249 3051 2345 Saoy
3102 2253 3815 2343 commentationem,
3867 2252 4214 2327 insertam

638 2362 690 2450 t.
739 2378 810 2448 L
859 2376 1037 2446 libri
1086 2373 1418 2465 inscripti
1473 2370 1942 2462 „Memoires
1994 2380 2138 2440 etc.
2393 2358 2402 2371 ’

845 2500 1164 2573 Arabica
1230 2518 1381 2568 non
1447 2498 1604 2566 sine
1669 2495 1948 2587 magnis
2017 2474 2569 2571 difficultatibus
2637 2493 2825 2586 typis
2900 2515 3243 2587 expressa
3311 2506 3524 2587 sunt,
3603 2519 3773 2568 cum
3836 2500 4219 2593 typotheta
4285 2504 4294 2513 '

644 2628 1052 2721 scripturae
1079 2621 1441 2695 Arabicae
1490 2621 1706 2714 plane
1756 2622 2054 2721 ignarus
2104 2629 2296 2690 esset
2318 2670 2341 2708 ,
2392 2619 2498 2687 ita
2547 2627 2631 2683 ut
2677 2637 2812 2707 ego
2863 2614 3132 2686 multos
3180 2637 3319 2710 per
3365 2617 3520 2688 dies
3585 2630 3879 2690 coactus
3941 2619 4218 2694 fuerim

646 2753 727 2822 in
780 2749 1073 2821 officina
1125 2745 1729 2839 chalcographica
1779 2744 2099 2834 versari,
2152 2742 2250 2812 ad
2296 2741 2576 2813 formas
2641 2736 3055 2808 litterarum
3117 2741 3537 2834 typothetae
3595 2742 4220 2818 demonstrandas.
4267 2828 4272 2835 ,

650 2872 1129 2967 corrigendis
1182 2870 1467 2943 mendis
1516 2868 2062 2965 typographicis
2112 2868 2515 2962 plurimum
2567 2886 2837 2960 operae
2894 2864 3241 2959 impendi.
3294 2867 3519 2958 Quod
3565 2869 3629 2938 si
3680 2870 4037 2965 quaedam
4089 2896 4222 2944 re-

648 2996 1099 3085 manserint,
1155 2993 1233 3062 id
1283 2993 1698 3084 ignoscent,
1754 3001 1935 3084 puto
1957 3041 1979 3080 ‚
2053 2991 2201 3063 viri
2265 2991 2531 3062 talium
2596 3012 2849 3061 rerum
2921 2990 3165 3084 periti.
3267 2991 3457 3062 Cum
3519 3004 3736 3064 notae
3798 2996 4029 3090 prins'
4065 2999 4224 3069 im—

651 3137 946 3211 pressae
997 3115 1147 3186 sint
1214 3134 1431 3206 quam
1483 3120 1726 3181 textus
1745 3162 1768 3199 ,
1825 3110 2262 3205 quibusdam
2313 3111 2392 3183 in
2440 3113 2620 3184 locis
2672 3125 2952 3185 mutata
3002 3117 3362 3186 sententia
3424 3116 3641 3188 aliam
3691 3118 4084 3194 lectionem
4142 3124 4225 3195 in
4260 3111 4266 3117 ’

655 3239 1244 3309 adnotationibus
1294 3234 1656 3329 probavi,
1712 3232 1931 3304 aliam
1982 3237 2056 3304 in
2108 3246 2393 3305 textum
2445 3237 2714 3329 recepi.
2816 3238 3039 3328 Quod
3087 3239 3416 3334 quamvis
3480 3242 3729 3332 paucis
3795 3251 4078 3313 tantum
4149 3247 4230 3315 in

655 3365 834 3439 locis
873 3362 1208 3448 fecerim,
1257 3370 1502 3430 tamen
1538 3360 1738 3432 viros
1771 3359 2024 3430 doctos
2060 3380 2268 3453 rogo,
2322 3370 2409 3428 ut
2440 3357 2732 3431 veniam
2779 3357 2965 3428 mihi
2989 3339 3417 3430 ‘concedant
3444 3359 3663 3432 huius
3686 3362 4234 3436 inconstantiae.

857 3483 1031 3555 Non
1078 3480 1482 3560 terminare
1531 3501 1831 3572 possum
1877 3478 2068 3548 hanc
2117 3478 2662 3571 praefationem
2693 3504 2959 3573 meam,
3012 3483 3434 3577 priusquam
3482 3496 3771 3578 gratum
3795 3511 4048 3561 meum
4081 3492 4231 3563 ani·

660 3631 869 3680 mum
936 3602 1363 3676 testificatus
1438 3624 1603 3672 sum
1669 3602 1833 3674 viro
1902 3601 2239 3671 laudibus
2322 3576 2506 3673 ineis
2579 3603 2884 3693 majori,
2971 3606 3439 3698 praeceptori
3513 3604 3987 3681 dilectissimo
4010 3661 4034 3701 ‚
4118 3611 4232 3681 CL

659 3731 1056 3827 Freytagio
1088 3780 1111 3817 ,
1181 3727 1386 3818 cujus
1453 3725 1532 3795 in
1600 3748 1724 3795 me
1794 3727 2060 3796 merita
2132 3747 2428 3820 semper
2507 3724 2633 3819 pio
2695 3726 2941 3797 animo
3001 3749 3434 3819 agnoscam·
3530 3729 3831 3802 Etenim
3880 3755 3927 3801 a
3989 3736 4233 3827 primo

665 3884 833 3931 meo
868 3860 946 3927 in
985 3857 1174 3925 hanc
1220 3851 1637 3921 litterarum
1682 3851 1931 3921 sedem
1985 3850 2308 3924 adventu
2361 3871 2596 3944 usque
2645 3848 2739 3921 ad
2788 3848 2985 3950 hunc
3034 3850 3232 3924 diem
3279 3866 3433 3924 tam
3482 3855 3875 3947 benignum
3921 3879 4004 3927 se
4054 3845 4277 3940 mihi

664 3977 1010 4074 praebuit
1029 4028 1053 4063 ,
1121 3984 1204 4043 ut
1277 3993 1652 4064 nunquam
1705 3971 1998 4063 dignam
2047 3982 2162 4058 tot
2220 3971 2582 4064 tantisque
2634 3971 2914 4041 meritis
2964 3973 3272 4065 gratiam
3342 3973 3415 4044 ei
3475 3974 3881 4069 rependere
3945 3975 4233 4069 possim.

663 4102 914 4173 Etiam
964 4101 1043 4168 in
1090 4098 1233 4168 hoc
1288 4116 1539 4189 opere,
1597 4095 1928 4189 quamvis
1982 4092 2233 4165 multis
2285 4095 2438 4188 ipse
2488 4093 2865 4166 laboribus
2915 4097 3378 4190 gravioribus
3430 4098 3764 4169 obsessus
3793 4149 3814 4188 ,
3872 4122 4019 4170 non
4067 4119 4234 4192 gra·

668 4237 880 4310 vatus
933 4234 1044 4295 est
1091 4221 1494 4316 specimina
1568 4220 1922 4312 impressa
1989 4219 2333 4291 revidere
2409 4228 2486 4288 et
2545 4242 2696 4288 non
2744 4230 3031 4292 tantum
3103 4232 3349 4293 errata
3427 4222 3992 4317 typographica,
4073 4242 4239 4293 ame

675 4345 1196 4444 praetermissa
1227 4392 1248 4431 ,
1305 4339 1434 4410 sed
1487 4339 1709 4432 etiam
1757 4339 1975 4432 plura
2024 4337 2263 4408 minus
2311 4339 2505 4411 bene
2555 4355 2681 4414 aut
2729 4325 3065 4417 accurate
3113 4347 3382 4442 scripta
3431 4346 3829 4440 corrigere.

1080 4520 1357 4616 Scripsi
1409 4517 1710 4589 Bonnae
1762 4517 1835 4587 d.
1889 4515 2049 4589 XX
2099 4516 2278 4589 Dec.
2330 4517 2953 4597 MDcccxxll.
