4659 5900
1976 527 2508 619 ...5.-

619 752 914 829 Nomen
959 760 1225 848 poetae
1268 752 1509 823 nostri
1555 750 1749 845 apud
1794 746 2075 823 Arabes
2123 750 2296 820 satis
2349 759 2460 819 est
2508 747 2873 845 frequens.
2975 748 3089 820 Ita
3133 761 3752 821 commemoratur
3800 751 3994 844 apud

431 877 875 951 Pocockium
900 929 922 967 ,
974 877 1272 969 specim.
1374 874 1573 946 Hist.
1615 871 1837 946 Arab.
1886 898 1961 966 p.
1986 875 2085 967 69
2119 873 2535 949 Amrulkeis
2589 877 2881 970 quintus
2937 897 3074 944 rex
3111 874 3571 963 Hirensium,
3623 873 3704 943 in
3738 874 4002 947 eadem

428 1003 689 1096 pagina
735 997 1417 1087 aliusAmrulkeis,
1490 1020 1725 1069 nonus
1775 1017 1913 1064 rex
1961 993 2393 1067 Hirensium
2449 1008 2523 1068 et
2566 1021 2634 1091 p.
2669 1021 2765 1089 70
2796 996 3257 1086 Amrulkeis‚
3331 997 3654 1068 decimus
3709 997 4010 1092 quintus

436 1148 569 1196 rex
600 1124 1053 1197 Hirensium.
1126 1122 1245 1195 De
1279 1122 1717 1216 etymologia
1751 1121 2065 1191 nominis
2099 1121 2267 1193 vide
2303 1136 2552 1195 notam
2591 1122 3099 1217 marginalem,
3156 1146 3344 1216 quae
3394 1124 3664 1218 excipit
3703 1122 4006 1197 Zuzenii

430 1247 975 1341 praefationem.
1077 1246 1387 1318 Praeter
1424 1246 1565 1315 hoc
1596 1267 1868 1314 nomen
1890 1243 2106 1337 plura
2147 1261 2386 1340 erant,
2437 1262 2694 1344 poetae
2741 1248 3209 1343 cognomina,
3264 1271 3577 1345 quorum
3617 1249 3765 1321 tria
3805 1274 4008 1321 com-

428 1386 931 1445 memorantur
1007 1373 1086 1443 in
1136 1373 1334 1444 libro
1408 1370 1639 1440 Kitab
1702 1370 1777 1439 el
1854 1371 2133 1462 aghani.
2252 1374 2592 1446 Primum
2670 1386 2780 1445 est
2831 1365 3070 1474 ᾤ)
3114 1351 3244 1470 ,sl
3311 1397 3727 1466 cognomen
3810 1374 4010 1468 quod

429 1511 704 1594 spectat
748 1500 868 1569 ·ad
942 1521 1230 1591 mores,
1292 1506 1371 1568 et
1463 1495 1820 1590 significat
1894 1502 2182 1589 patrem'
2240 1496 2698 1569 liberalitatis
2754 1499 2802 1568 i.
2852 1524 2916 1571 e.
2965 1499 3576 1570 liberalissimum.
3711 1499 4002 1571 Eodem

416 1628 794 1720 pertinere
849 1624 1138 1702 videtur
1187 1646 1589 1717 cognomen
1637 1621 2119 1713 Dschandah,
2204 1638 2858 1699 commemoratum
2909 1626 2987 1696 in
3035 1637 3186 1698 not.
3220 1627 3521 1719 margin.
3589 1626 3731 1696 cod
3789 1626 4005 1716 1416,

420 1751 623 1847 quod
658 1750 1012 1844 significat
1046 1774 1344 1823 arenam
1407 1747 1750 1819 fertilem.
1849 1747 1962 1817 el.
1999 1748 2091 1818 de
2118 1746 2303 1844 Sacy
2322 1749 2373 1819 l.
2413 1775 2474 1820 c.
2497 1774 2569 1843 p.
2604 1756 2750 1836 410
2790 1748 3008 1838 dicit,
3087 1747 3228 1819 hoc
3278 1770 3536 1820 verum
3551 1758 3815 1842 poetae
3860 1772 4012 1817 no·-

417 1901 591 1949 men
636 1900 812 1950 esse.
931 1878 1076 1951 Sed
1141 1877 1322 1947 mihi
1375 1876 1455 1947 in
1521 1877 1660 1945 hac
1707 1896 1794 1945 re
1857 1875 1977 1948 vir
2046 1895 2371 1944 summus
2439 1873 2736 1945 videtur
2803 1893 3080 1942 errare.
3183 1868 3407 1942 Aliud
3459 1892 3864 1969 cognomen
3902 1876 4015 1939 est

415 1981 696 2100 3⁴42:ss
761 1976 955 2079 §.Ul
1028 2000 1158 2085 (ef.
1204 2000 1453 2072 Reisk.
1495 2000 1587 2070 ad
1620 1998 1850 2075 Thar.
1884 2020 1956 2089 p.
1998 1995 2246 2067 XXV.
2367 1997 2761 2069 Herbelot.
2798 1995 2971 2072 bibl.
3021 1993 3311 2067 Orient.
3360 2023 3420 2071 s.
3459 2021 3527 2069 v.
3561 1994 4016 2075 Amrulkeis)

425 2149 557 2198 rex
624 2127 933 2222 planeta.
1071 2126 1364 2198 Deinde
1451 2136 2068 2197 commemoratur
2168 2124 2391 2195 etiam
2480 2148 2879 2218 cognomen
2993 2089 3264 2248 329⁶„
3329 2141 3441 2226 ἔ)
3536 2122 4022 2197 exulceratus.

419 2250 591 2323 Duo
625 2254 1036 2348 posteriora
1070 2252 1503 2345 cognomina
1544 2250 1784 2320 lucem
1813 2249 2171 2342 accipient
2238 2270 2336 2319 ex
2383 2250 2534 2321 vita
2561 2246 3026 2322 Amrulkeisi.
3623 2296 3630 2302 -

614 2375 774 2448 Jam
808 2399 987 2453 vero
1022 2376 1415 2447 dicendum
1459 2374 1552 2444 de
1602 2371 1882 2466 origine
1923 2397 2009 2442 ac
2037 2374 2194 2446 vita
2226 2381 2536 2465 poetae3
2598 2374 2727 2443 sed
2755 2375 3182 2470 priusquam
3206 2376 3438 2471 ipsam
3469 2374 4021 2447 enarrationem

423 2499 967 2593 aggrediamur,
1037 2497 1313 2594 aliquid
1369 2490 1756 2567 dicendum
1805 2494 1900 2565 de
1926 2494 2317 2589 sontibus,
2371 2522 2466 2568 ex
2496 2500 2756 2595 quibus
2794 2502 2890 2572 sit
2913 2501 3340 2574 haurienda.
3446 2501 3778 2573 Maximo
3835 2500 4020 2571 mihi

421 2621 590 2689 usui
634 2620 813 2710 suit,
875 2618 1233 2716 particula
1272 2644 1317 2689 e
1361 2618 1558 2690 libro
1584 2614 1814 2687 Kitab
1866 2616 1933 2687 al
1964 2615 2260 2709 aghani,
2326 2645 2545 2715 quam
2595 2644 2637 2693 e
2670 2623 2830 2693 cod.
2925 2623 3272 2696 Gothano
3319 2625 3762 2720 descriptam
3799 2624 4023 2696 solita

423 2739 873 2833 benignitate
913 2766 1201 2814 mecum
1241 2739 1817 2813 communicavit
1850 2738 1937 2808 cl.
1982 2737 2317 2833 Freytag.
2422 2744 2926 2819 Continentur.
2942 2746 3086 2818 hoc
3123 2769 3346 2841 opere
3389 2748 3581 2822 vitae
3627 2758 4018 2841 poetarum

419 2866 872 2960 illustrium,
948 2892 1119 2939 cum
1146 2865 1576 2962 fragmentis
1612 2888 1707 2935 ex
1745 2886 2004 2935 eorum
2056 2871 2420 2960 operibus.
2518 2870 2612 2943 cf.
2664 2871 2781 2944 De
2819 2875 3007 2970 Sacy
3036 2875 3116 2944 in
3159 2873 3611 2965 „memoires
3661 2884 3799 2945 etc.
3853 2884 3907 2943 t.
3931 2872 4022 2968 L,

422 3017 490 3088 p.
541 2999 707 3080 354.
757 2991 855 3096 id.
894 2997 1033 3066 in“
1091 2993 1630 3066 Chrestomath.
1729 2990 1950 3063 Arab.
2000 3004 2051 3064 t.
2085 2993 2181 3062 11.
2238 3019 2306 3088 p.
2351 3002 2468 3072 50.
2531 2996 2634 3068 id.
2689 2998 2783 3066 ad
2818 2997 3084 3069 Lebid.
3131 2996 3387 3067 Moall.
3415 3022 3486 3091 p.
3523 3018 3684 3064 111.
3783 2995 4022 3067 Casir.

422 3114 602 3186 bibl.
634 3116 897 3188 Escnr.
946 3128 1003 3188 t.
1056 3117 1116 3187 Ι.
1158 3142 1226 3211 p.
1283 3122 1450 3207 347.
1521 3114 1909 3185 Herbelot.
1973 3114 2147 3187 bibl.
2189 3114 2476 3188 Orient.
2526 3142 2580 3189 s.
2630 3143 2698 3192 v.
2748 3118 3003 3214 Agani.
3053 3117 3420 3191 Abulfeda
3466 3142 3633 3189 ann.
3683 3116 4025 3192 Moslem.

417 3248 476 3307 t.
511 3237 605 3306 ΙΙ.
645 3263 717 3332 p.
755 3240 923 3332 495.
973 3238 1244 3331 Koseg.
1272 3238 1364 3308 ad
1404 3238 1659 3308 Amru.
1712 3237 1785 3312 b.
1831 3235 2081 3306 Kelth.
2153 3260 2224 3331 p·
2282 3240 2374 3313 V.
2439 3239 2612 3311 Ebn
2689 3241 3136 3334 Chaluwija,
3214 3243 3294 3312 in
3339 3240 3865 3314 commentario
3925 3229 4050 3311 ad⁸

428 3360 604 3460 Ebu
648 3363 963 3434 Doreidi
1006 3364 1420 3459 poemation
1460 3375 1755 3434 enarrat
1781 3363 2002 3437 vitam
2035 3374 2109 3433 et
2143 3360 2295 3437 fata
2331 3385 2662 3440 extrema
2693 3366 3161 3444 Amrulkeisi.
3214 3365 3309 3439 cf.
3360 3368 3796 3440 Poemation
3850 3365 4040 3466 Ebu·

424 3484 741 3559 Doreidi
770 3513 937 3562 cum
963 3490 1211 3561 Schol.
1286 3488 1510 3560 Arab.
1560 3490 1670 3578 ed..
1713 3485 1888 3580 Agg.
1944 3487 2279 3560 Haitsma
2322 3516 2396 3585 p.
2447 3513 2560 3562 20.
2591 3517 2748 3588 sqq.
2784 3492 2961 3563 item
2997 3517 3066 3585 p.
3110 3493 3247 3586 189
3281 3515 3440 3586 sqq.
3539 3489 3755 3562 Hanc
3793 3510 4022 3560 enar-

424 3610 789 3682 rationem
823 3624 1112 3684 secutus
1161 3622 1273 3683 est
1304 3612 1418 3681 cl..
1518 3611 1635 3681 De
1686 3611 1871 3704 Sacy
1920 3611 1996 3679 in
2033 3611 2186 3683 vita
2223 3612 2696 3705 Amrulkeisi,
2762 3613 3086 3685 exhibita
3121 3613 3201 3684 in
3231 3612 3625 3704 ‚,memoir.
3671 3621 3807 3683 etc.
3846 3622 3899 3683 t.
3935 3609 4026 3684 L.

421 3758 495 3830 p.
535 3739 682 3824 408
719 3762 874 3833 sqq.
974 3737 1065 3808 In
1094 3737 1456 3831 excerptis
1487 3761 1582 3806 ex
1613 3735 2018 3825 Abulfeda,
2071 3761 2256 3830 quae
2284 3739 2376 3809 cl.
2404 3740 2496 3810 de
2535 3740 2720 3834 Sacy
2740 3739 3005 3833 adjecit
3031 3762 3263 3814 novae
3300 3739 3472 3809 edit.
3522 3741 3793 3842 specim
3845 3735 4015 3807 hist.

418 3861 642 3935 Arab.
691 3862 1003 3935 Pocock.
1042 3889 1112 3957 p.
1159 3864 1305 3951 445
1351 3888 1505 3960 sqq.
1547 3875 1778 3933 eastat
1813 3863 2136 3933 narratio
2165 3862 2256 3932 de
2293 3864 2584 3957 regibus
2616 3861 3106 3933 Kenditarum
3136 3886 3176 3933 e
3211 3862 3403 3933 libro
3435 3864 3561 3955 qui
3601 3858 3853 3934 Kamil
3896 3858 4026 3928 di·-

412 3989 630 4061 citur.
733 3987 850 4058 De
896 3988 1158 4059 iisdem
1205 3987 1538 4082 loquitur
1598 3987 1910 4058 Pocock.
1969 3986 2018 4056 l.
2083 4012 2195 4082 cp.
2246 3988 2540 4078 80-87.
2611 3988 3012 4060 Praeterea
3064 3985 3157 4058 cf.
3229 3985 3635 4058 Schultens.
3697 4005 4018 4056 monum·

428 4115 651 4210 antiq.
697 4113 865 4184 hist.
902 4111 1120 4185 Arab.
1159 4139 1229 4207 p.
1274 4121 1408 4198 141
1452 4137 1606 4207 sqq.
1646 4123 1720 4182 et
1752 4113 1895 4183 tab.
1920 4109 2100 4182 XII.
2156 4111 2522 4188 Herbelot
2549 4115 2882 4186 biblioth.
2945 4114 3234 4185 Orient.
3288 4138 3454 4184 cum
3494 4107 4060 4208 supplementis·

421 4236 705 4308 Reiskii
774 4237 852 4308 in
910 4235 960 4306 f.
1011 4247 1061 4307 t.
1119 4234 1248 4308 IV.
1313 4236 1433 4307 De
1481 4237 1695 4308 Rossi
1757 4236 2164 4306 dizio=2ario
2221 4254 2354 4314 etc.
2414 4267 2488 4335 p.
2541 4246 2632 4332 37
2686 4265 2841 4338 sqq.
2967 4240 3215 4312 Reisk.
3274 4241 3363 4311 ad
3414 4239 3638 4310 Thur.
3675 4264 3741 4333 Ρ.
3795 4231 4028 4310 XXV

423 4360 614 4433 Eam
639 4385 821 4438 vero
866 4384 1129 4458 sequar
1168 4363 1563 4453 rationem,
1617 4375 1693 4431 ut
1736 4364 2233 4433 narrationem
2264 4369 2342 4438 in
2370 4367 2563 4439 libro
2592 4366 2818 4438 Kitab
2867 4365 2939 4437 al
2987 4364 3244 4460 aghani
3264 4418 3287 4455 ‚
3376 4389 3572 4468 quae·
3593 4365 3885 4460 longior
3916 4374 4027 4437 est

426 4509 646 4586 qnam
707 4498 1124 4576 ceterorum
1158 4540 1180 4578 ‚
1287 4489 1603 4559 rescissis
1670 4488 2059 4582 superfluis
2128 4510 2267 4581 pro
2321 4493 2801 4564 fundamento
2863 4492 3282 4582 subjiciam,
3354 4502 3640 4563 ceteros
3678 4514 3857 4588 vero
3878 4514 4035 4570 non

439 4610 727 4718 laudem
751 4667 771 4702 ,
842 4615 984 4685 nisi
1020 4623 1146 4684 aut
1185 4613 1528 4708 adjiciant
1586 4614 1855 4708 aliquid
1907 4613 2034 4702 iis,
2089 4637 2276 4708 quae
2307 4615 2385 4683 in
2422 4613 2551 4684 illo
2593 4613 2786 4684 libro
2830 4611 3198 4706 leguntur,
3226 4624 3353 4682 aut
3379 4636 3544 4684 cum
3575 4612 4038 4718 iisfpugnent·

652 4736 948 4808 Patrem
999 4746 1257 4832 poetae
1308 4737 1536 4806 nostri
1590 4746 2003 4807 constanter
2052 4758 2302 4811 omnes
2349 4746 2611 4809 vocant
2659 4734 3128 4806 Hodschrum
3155 4786 3179 4826 ,
3249 4756 3498 4828 regem
3571 4711 4042 4840 Asaditarnm

420 4835 657 4935 filium
720 4858 1148 4952 Alharethi,
1235 4860 1436 4931 tertii
1526 4863 1716 4951 regis
1824 4857 2323 4930 Cenditarum.
2438 4859 2762 4930 Primus·
2808 4860 3006 4929 enim
3056 4858 3531 4932 Cenditarum
3601 4881 3736 4930 rex
3797 4831 4046 4944 fuerat

424 4981 822 5073 Hodschr,
886 4982 1334 5053 cuienditum
1400 5004 1444 5052 a
1495 4982 1804 5052 dicterio
1879 4982 2132 5052 uxoris
2199 5004 2466 5054 nomen
2532 4979 3064 5055 Akelolmorar.
3136 4979 3227 5050 cf.
3311 4981 3620 5051 Pocock.
3672 4982 3749 5051 in
3784 4983 4042 5088 apcius.

430 5149 507 5223 p.
559 5118 675 5192 80.
726 5087 733 5100 ’
774 5111 1140 5214 Abulfpda
1191 5116 1271 5188 in
1321 5095 1635 5216 append.
1699 5138 1891 5214 spec.
1945 5139 2015 5216 p.
2067 5113 2245 5201 445.
2344 5105 2539 5182 Ante
2585 5107 2783 5212 hunc
2830 5129 3086 5228 regem
3143 5107 3544 5178 secundum
3569 5097 4041 5218 ‘Abulsedam
