4659 5900
1900 564 2490 645 ...9.-

402 782 487 853 In
540 782 691 854 fine
738 783 898 854 cod.
962 790 1147 873 ¹4¹7
1204 806 1344 879 pro
1394 747 1491 881 ἵ,
1535 753 1616 877 >l
1666 776 1887 846 habet
1929 742 2056 878 Ἃ).
2158 777 2712 849 Commemorat
2763 776 2905 848 lbn
2938 770 3182 847 Nahas
3236 774 3510 847 variam
3559 770 3946 846 lectionem

400 904 729 1027 [gsssu'tw
750 902 851 1027 5J
904 932 1073 1045 '³545-
1109 907 1364 1029 &hm
1395 905 1564 1056 Oli:
1643 926 2027 1017 „remedio
2099 926 2281 997 mihi
2340 936 2577 1014 esset,
2646 921 2995 1018 lacryma,
3050 925 3112 993 si
3154 947 3321 996 eam
3377 922 3753 994 effundere
3799 948 3971 1021 pos·

394 1075 641 1145 sem.“
744 1074 890 1144 Sed
938 1075 1208 1147 nullius
1282 1072 1505 1170 pretii
1556 1087 1664 1147 est
1711 1077 1893 1146 haec
1935 1074 2201 1162 lectio,
2251 1068 2584 1167 profecta
2633 1067 2727 1138 ab
2780 1066 3063 1164 aliquo,
3141 1070 3266 1164 qui
3313 1094 3461 1141 non
3510 1071 3968 1167 intelligebat

402 1220 568 1267 eam
616 1197 905 1269 dicendi
955 1202 1355 1291 rationem,
1413 1223 1625 1295 quam
1681 1201 1955 1270 Zuzen.
2004 1201 2312 1273 vocat:“
2366 1193 3022 1286 interrogationem
3074 1216 3290 1264 sensu
3341 1197 3766 1289 negationis.
3815 1198 3962 1269 Ne-

403 1342 578 1391 xum
626 1324 1159 1393 sententiarum
1210 1324 1488 1421 pptime
1542 1320 1935 1415 explicavit
1989 1322 2386 1407 Zuzenius‚
2459 1319 2564 1389 ita
2608 1329 2692 1388 ut
2730 1317 2916 1387 nihil
2958 1317 3370 1391 addendum
3413 1319 3748 1394 habeam.
3851 1324 3973 1394 Ex

404 1444 680 1516 duabus
746 1469 925 1538 quas
972 1443 1552 1548 profert‚·vocis
1601 1417 1797 1541 ὁὲν
1851 1445 2494 1538 explicationibus3
2565 1454 2730 1511 orta
2780 1452 2889 1511 est
2934 1440 3290 1513 versionis
3334 1443 3738 1517 diversitas.
3840 1448 3971 1519 lo-

403 1592 556 1639 nes.
610 1581 687 1639 et
717 1569 1011 1640 Hartm.
1068 1574 1450 1645 vertunt.“
1558 1573 1704 1643 Sed
1758 1569 1930 1666 quid
1982 1571 2185 1659 juvat
2212 1569 2570 1661 lacrymas
2599 1562 3052 1659 profundere
3101 1587 3323 1658 super
3371 1567 3631 1640 ruinas
3679 1570 3975 1643 habita-

396 1693 620 1762 tionis
668 1690 1050 1770 defertas?
1102 1694 1428 1783 „Lettf‘
1483 1718 1575 1765 an
1606 1695 1801 1764 enim
1860 1692 2050 1786 apud
2106 1691 2496 1760 obliterata
2531 1690 2830 1781 vestigia
2865 1700 3090 1758 restat
3130 1689 3442 1786 aliquid,
3498 1692 3574 1763 in
3610 1721 3756 1792 quo
3797 1696 3973 1769 fidu.

398 1818 590 1885 ciam
640 1817 869 1909 possis
922 1815 1261 1912 ponere?
1312 1818 1693 1913 „dicitque
1741 1818 1819 1888 in
1871 1816 2272 1887 annotat:“
2325 1814 2442 1888 An
2489 1812 2685 1886 forte
2734 1811 2997 1884 melius
3024 1825 3299 1888 vertas:
3364 1815 3565 1890 Num
3614 1843 3797 1895 vero
3845 1848 3977 1920 pe..

400 2022 532 2070 nes
584 1998 1053 2071 obliteratum
1119 2002 1506 2097 vestigium
1563 2003 1928 2096 objectum
1960 2000 2173 2071 fletus
2205 1993 2370 2074 est?
2437 1994 2653 2066 Tunc
2697 1995 3190 2092 punctandum
3242 1944 3527 2099 djzf‘
3580 1999 3752 2074 Hoc
3802 2029 3973 2077 om..

397 2185 577 2255 nino
640 2197 996 2279 repugnat
1059 2196 1318 2257 metro.
1420 2188 1771 2259 Ceterum
1839 2189 2059 2259 etiam
2116 2187 2275 2256 Ibn.
2339 2177 2586 2250 Nahas
2642 2178 2830 2249 hanc
2870 2155 3493 2275 interpretationis
3536 2188 3973 2261 varietatem

398 2322 951 2378 commemorat.
1009 2308 1443 2402 Comparari
1488 2312 1788 2406 possunt
1837 2335 2000 2380 cum
2048 2308 2195 2380 hoc
2236 2305 2571 2380 Amrulk.
2626 2327 2875 2394 versu,
2920 2328 3175 2378 versus
3223 2311 3630 2382 suavissimi
3680 2336 3775 2384 ex
3814 2340 3976 2386 ear-e

394 2433 599 2503 mine
652 2432 989 2523 Bordah,
1044 2432 1387 2524 Lugduni
1441 2435 1641 2505 edito
1690 2458 1733 2502 a
1782 2432 1841 2504 1.
1896 2433 2085 2524 Uri,
2142 2455 2323 2528 quos
2376 2432 2601 2502 latine
2651 2453 3039 2525 apponam,
3091 2453 3187 2504 ne
3237 2436 3656 2528 typothetae
3704 2441 3970 2512 moles-

399 2557 575 2626 tiam
646 2554 995 2629 faciam.“
1122 2554 1438 2626 Putatne
1496 2569 1783 2627 amator
1841 2579 2170 2628 amorem
2234 2556 2549 2627 celatum
2582 2554 2723 2645 iri,
2818 2558 2946 2651 qui
2987 2557 3256 2649 partim
3301 2557 3551 2631 effusis
3601 2561 3970 2660 lacrymis,

396 2682 638 2751 cordis
676 2702 930 2749 amore
984 2678 1406 2773 detegitur?
1454 2680 1613 2750 Nisi
1645 2705 1931 2752 amares
1969 2706 2117 2752 non
2168 2682 2646 2775 lacrymasses
2687 2677 2782 2749 ob
2829 2681 3127 2751 ruinosa
3176 2683 3545 2754 domicilia
3580 2710 3823 2782 neque
3866 2690 3964 2761 ob

396 2806 667 2899 partim
724 2804 1175 2900 myrolabani
1220 2818 1295 2875 et
1314 2804 1520 2875 collis
1556 2806 2148 2878 recordationem
2172 2804 2526 2877 insomnis
2562 2824 2773 2872 esses.
2843 2802 2997 2894 Qui
3042 2806 3288 2902 itaque
3324 2830 3573 2879 amare
3603 2824 3678 2884 te
3717 2834 3967 2906 neges,

397 2933 461 3001 si
493 2931 787 3028 quidem
824 2939 1043 3000 testes
1087 2942 1258 3002 sunt
1285 2932 1363 3002 in
1398 2939 1472 3000 te
1521 2931 1686 3004 veri
1724 2932 1968 3028 pallor
2008 2956 2093 3002 ac
2124 2930 2615 3028 lacrymarum
2657 2922 3003 3000 effusio.“

545 3106 640 3181 V.
670 3109 736 3179 5.
789 3106 878 3178 In
914 3106 1139 3178 schol.
1165 3119 1329 3203 post
1351 3078 1707 3215 &bb-09
1722 3109 1878 3180 cod.
1924 3116 2106 3199 1417
2139 3108 2301 3180 add.
2319 3076 2716 3182 &bl-*⁴5-
2751 3096 2934 3171 Cod·
2973 3103 3168 3196 1417·
3201 3074 3361 3227 Um
3413 3079 3660 3207 [3450
3692 3103 3970 3188 κω.

399 3262 541 3334 Ibn
612 3257 860 3330 Nahas
915 3272 1445 3331 commemorat
1505 3257 1867 3356 quandam
1900 3256 2235 3328 lectionis
2266 3258 2691 3330 varietatem
2731 3225 3017 3357 &50⁵5ss
3039 3241 3340 3375 (fb-ll>
3374 3241 3695 3354 &05
3711 3285 3975 3378 &9539

399 3360 585 3462 ocul
774 3383 919 3455 Sed
974 3407 1247 3479 parum
1308 3384 1490 3454 haec
1540 3384 1759 3454 lectio
1826 3384 2277 3454 auctoritatis
2328 3384 2578 3464 habet.
2676 3386 2849 3460 Non
2900 3386 3254 3457 assentire
3304 3408 3599 3480 possum
3652 3382 3973 3475 Ionesi0‚

398 3508 528 3602 qui
578 3510 653 3579 in
703 3509 845 3581 hoc
899 3532 1115 3584 versu
1190 3508 1569 3604 loquentes
1639 3509 1918 3580 inducit
1980 3508 2251 3579 amicos
2323 3522 2582 3603 poetae
2633 3514 3100 3609 vertitque:“
3197 3511 3539 3583 conditio
3577 3518 3703 3577 tua
3737 3529 3974 3601 -prae-

401 3655 567 3702 sens
608 3655 754 3702 non
793 3641 904 3701 est
947 3643 1101 3703 tam
1138 3631 1403 3702 misera
1430 3633 1632 3708 etc.“
1726 3631 1847 3701 Ex
1898 3655 2062 3703 mea
2106 3637 2469 3705 sententia
2517 3650 2735 3731 poeta
2783 3639 2860 3710 in
2911 3639 3052 3709 hoc
3100 3661 3323 3710 versu
3367 3659 3447 3705 se
3496 3636 3733 3729 ipsum
3786 3655 3974 3702 con·-

397 3756 682 3826 solatur
729 3754 1154 3852 dicitque!“
1238 3756 1393 3826 Iam
1441 3757 1643 3851 prius
1696 3753 1901 3828 suisti
1952 3758 2030 3828 in
2079 3757 2339 3830 eadem
2386 3763 2844 3853 conditione,
2906 3789 3074 3837 cum
3124 3762 3301 3834 alias
3353 3758 3699 3855 quasdam
3746 3756 3968 3851 puel-

386 3879 509 3950 'las
557 3903 884 3974 amares,
941 3905 1123 3977 quae
1172 3881 1308 3952 tibi
1361 3892 1655 3976 ereptae
1703 3892 1898 3956 sunt.

598 4056 694 4129 V.
748 4081 819 4149 7.
921 4057 1077 4129 Iam
1124 4069 1382 4153 poeta,
1455 4059 2045 4130 commemoratis
2088 4060 2166 4128 in
2215 4083 2440 4134 versu
2504 4067 2888 4161 superiore
2937 4065 3198 4160 puellis
3229 4117 3251 4156 ‚
3321 4086 3499 4160 quas
3555 4059 3730 4131 olim
3768 4081 3980 4129 ama-

402 4191 655 4272 verat,
712 4179 1415 4254 Ummulhuwairith
1451 4191 1523 4253 et
1561 4181 2124 4271 Ummulrebab,
2179 4189 2546 4258 convertit
2583 4214 2662 4261 se
2694 4192 2785 4262 ad
2817 4216 2934 4265 eas
2967 4191 3504 4266 describendas.
3557 4191 3657 4262 Et
3679 4194 3976 4286 quidem

402 4305 489 4392 in,
532 4307 779 4397 priore
798 4305 1262 4375 hemistichio
1316 4306 1493 4377 dicit
1540 4331 1710 4395 eas,
1765 4307 1829 4376 si
1878 4310 2364 4402 surrexerint,
2422 4312 2792 4385 diffudisse
2844 4317 3074 4387 musci
3125 4318 3458 4393 odorem.
3533 4317 3970 4411 Saepissime

402 4427 487 4496 in
557 4425 935 4499 laudandis
999 4429 1259 4522 puellis
1308 4441 1567 4522 poetae
1618 4429 1867 4500 dicunt
1940 4454 2063 4501 eas
2112 4433 2395 4525 spirare
2466 4439 2696 4509 odore
2755 4445 3012 4512 musci.
3112 4440 3226 4511 Ita
3293 4440 3470 4511 dicit
3535 4442 3815 4513 Antara
3881 4466 3976 4511 ex

413 4551 750 4623 versione
801 4550 1114 4621 Menil.“
1219 4550 1411 4623 Nam
1453 4552 1743 4647 qualem
1798 4556 2024 4624 musci
2078 4557 2320 4630 vesica
2373 4561 2567 4655 apud
2616 4566 3142 4637 aromatarium
3194 4567 3422 4660 spirat
3470 4562 3971 4658 fragrantiam,

406 4673 637 4750 talen
690 4677 1017 4748 mulieris
1067 4677 1336 4748 halitus
1390 4676 1759 4750 formosae
1812 4680 2058 4752 oscula
2106 4683 2241 4753 tibi
2292 4688 2610 4779 petenti,
2697 4688 2906 4759 afflat
2952 4714 3046 4761 ex
3096 4713 3271 4779 ore,
3345 4703 3733 4786 antequam
3787 4693 3981 4785 ipsos

406 4799 801 4891 contigeris
872 4799 1143 4871 demes.
1209 4798 1299 4872 of.
1364 4801 1729 4874 Wiumet.
1801 4805 1960 4896 adn,
2026 4829 2098 4900 p.
2176 4817 2337 4896 144.
2466 4811 2606 4886 Ibn
2677 4815 2972 4892 Faredh
3034 4816 3112 4888 in
3165 4816 3282 4886 De
3333 4816 3520 4911 Sacy
3585 4818 3979 4888 chrestom.

406 4922 633 4998 Arab.
703 4935 753 4994 t.
807 4926 863 4994 1.
918 4917 1005 5021 μ’
1044 4928 1209 5016 575.
1286 4927 1332 4997 1.
1416 4932 1523 5000 18.
1592 4951 1688 5001 ex
1760 4930 2085 5022 ejusdem
2175 4934 2513 5007 versione
2589 4946 2643 5007 t.
2714 4936 2900 5030 111.;
2975 4964 3044 5032 p.
3133 4940 3354 5024 145.“
3455 4939 3527 5009 la
3611 4938 3986 5009 sraicheur

409 5049 737 5122 s'exhala
771 5051 864 5121 de
896 5075 977 5121 sa
1009 5054 1331 5125 bouchet
1384 5078 1528 5126 une
1581 5056 1813 5128 doure
1864 5058 2151 5130 haleine
2203 5080 2467 5153 repose
2496 5085 2591 5130 au
2639 5063 2865 5133 matin
2916 5083 3045 5133 sur
3091 5086 3205 5133 ses
3259 5063 3494 5136 levres
3522 5075 3599 5133 et
3644 5085 3983 5157 surpasse

416 5197 584 5284 sans
653 5199 897 5251 aucun
964 5175 1223 5278 appi-et
1268 5180 1561 5257 l’odeur
1604 5205 1829 5261 suave
1879 5186 1984 5260 du
2028 5206 2289 5279 muse,
2343 5183 2526 5258 dont
2574 5183 2722 5259 elle
2769 5184 3051 5281 repand
3097 5185 3169 5257 le
3213 5184 3598 5285 parsum.“
3653 5183 3745 5258 cf.
3796 5205 3966 5261 ver·
