<?xml version="1.0" encoding="UTF-8"?>
<!DOCTYPE html PUBLIC "-//W3C//DTD XHTML 1.0 Transitional//EN"
    "http://www.w3.org/TR/xhtml1/DTD/xhtml1-transitional.dtd">
<html xmlns="http://www.w3.org/1999/xhtml" xml:lang="en" lang="en">
 <head>
  <title>
</title>
<meta http-equiv="Content-Type" content="text/html;charset=utf-8" />
  <meta name='ocr-system' content='tesseract 3.04.00' />
  <meta name='ocr-capabilities' content='ocr_page ocr_carea ocr_par ocr_line ocrx_word'/>
</head>
<body>
  <div class='ocr_page' id='page_1' title='image "./amrulkeisimoall00zayngoog_0028.png"; bbox 0 0 4659 5900; ppageno 0'>
   <div class='ocr_carea' id='block_1_1' title="bbox 2145 631 2740 687">
    <p class='ocr_par' dir='ltr' id='par_1_1' title="bbox 2145 631 2740 687">
     <span class='ocr_line' id='line_1_1' title="bbox 2145 631 2740 687; baseline -0.01 -15"><span class='ocrx_word' id='word_1_1' title='bbox 2145 631 2740 687; x_wconf 67' lang='lat'>...20—</span> 
     </span>
    </p>
   </div>
   <div class='ocr_carea' id='block_1_2' title="bbox 473 816 4247 5253">
    <p class='ocr_par' dir='ltr' id='par_1_2' title="bbox 473 816 4247 5253">
     <span class='ocr_line' id='line_1_2' title="bbox 643 816 4236 917; baseline 0.001 -24"><span class='ocrx_word' id='word_1_2' title='bbox 643 816 740 893; x_wconf 86' lang='lat' dir='ltr'><strong>V.</strong></span> <span class='ocrx_word' id='word_1_3' title='bbox 794 818 912 891; x_wconf 77' lang='lat'><strong>52.</strong></span> <span class='ocrx_word' id='word_1_4' title='bbox 1029 819 1136 892; x_wconf 91' lang='lat' dir='ltr'><strong>Et</strong></span> <span class='ocrx_word' id='word_1_5' title='bbox 1180 822 1453 894; x_wconf 89' lang='lat' dir='ltr'><strong>collum</strong></span> <span class='ocrx_word' id='word_1_6' title='bbox 1473 874 1497 914; x_wconf 92' lang='lat'><strong>,</strong></span> <span class='ocrx_word' id='word_1_7' title='bbox 1553 823 1748 896; x_wconf 74' lang='lat' dir='ltr'><strong>sicut</strong></span> <span class='ocrx_word' id='word_1_8' title='bbox 1792 823 2065 897; x_wconf 88' lang='lat' dir='ltr'><strong>collum</strong></span> <span class='ocrx_word' id='word_1_9' title='bbox 2116 820 2498 913; x_wconf 74' lang='lat' dir='ltr'><strong>dorcadis,</strong></span> <span class='ocrx_word' id='word_1_10' title='bbox 2564 840 2718 890; x_wconf 91' lang='lat' dir='ltr'><strong>non</strong></span> <span class='ocrx_word' id='word_1_11' title='bbox 2767 816 3235 892; x_wconf 71' lang='lat' dir='ltr'><strong>invenustum</strong></span> <span class='ocrx_word' id='word_1_12' title='bbox 3257 871 3281 913; x_wconf 90' lang='lat'><strong>,</strong></span> <span class='ocrx_word' id='word_1_13' title='bbox 3335 843 3506 892; x_wconf 86' lang='lat' dir='ltr'><strong>cum</strong></span> <span class='ocrx_word' id='word_1_14' title='bbox 3553 819 3738 893; x_wconf 85' lang='lat' dir='ltr'><strong>illud</strong></span> <span class='ocrx_word' id='word_1_15' title='bbox 3788 823 4006 917; x_wconf 77' lang='lat' dir='ltr'><strong>erigit</strong></span> <span class='ocrx_word' id='word_1_16' title='bbox 4025 876 4047 915; x_wconf 91' lang='lat'>‚</span> <span class='ocrx_word' id='word_1_17' title='bbox 4100 846 4236 896; x_wconf 87' lang='lat' dir='ltr'><strong>nec</strong></span> 
     </span>
     <span class='ocr_line' id='line_1_3' title="bbox 564 928 2658 1039; baseline 0.001 -23"><span class='ocrx_word' id='word_1_18' title='bbox 564 928 571 937; x_wconf 52' lang='grc'>’</span> <span class='ocrx_word' id='word_1_19' title='bbox 1004 946 1401 1018; x_wconf 78' lang='lat' dir='ltr'><strong>monilibus</strong></span> <span class='ocrx_word' id='word_1_20' title='bbox 1452 971 1706 1020; x_wconf 70' lang='lat' dir='ltr'><strong>carena</strong></span> <span class='ocrx_word' id='word_1_21' title='bbox 1734 1001 1757 1039; x_wconf 91' lang='lat'><strong>,</strong></span> <span class='ocrx_word' id='word_1_22' title='bbox 2631 964 2658 1001; x_wconf 46' lang='grc' dir='ltr'><em>Ἀ</em></span> 
     </span>
     <span class='ocr_line' id='line_1_4' title="bbox 473 1065 4239 1168; baseline 0.002 -30"><span class='ocrx_word' id='word_1_23' title='bbox 473 1109 494 1165; x_wconf 55' lang='lat'>3</span> <span class='ocrx_word' id='word_1_24' title='bbox 632 1065 729 1140; x_wconf 85' lang='lat' dir='ltr'><strong>V.</strong></span> <span class='ocrx_word' id='word_1_25' title='bbox 788 1068 908 1141; x_wconf 81' lang='lat'><strong>55.</strong></span> <span class='ocrx_word' id='word_1_26' title='bbox 1009 1069 1113 1141; x_wconf 86' lang='lat' dir='ltr'><strong>Et</strong></span> <span class='ocrx_word' id='word_1_27' title='bbox 1186 1072 1426 1143; x_wconf 76' lang='lat' dir='ltr'><strong>crinea</strong></span> <span class='ocrx_word' id='word_1_28' title='bbox 1450 1124 1473 1166; x_wconf 85' lang='lat'>‚</span> <span class='ocrx_word' id='word_1_29' title='bbox 1562 1071 1687 1168; x_wconf 87' lang='lat' dir='ltr'><strong>qui</strong></span> <span class='ocrx_word' id='word_1_30' title='bbox 1759 1084 2053 1166; x_wconf 84' lang='lat' dir='ltr'><strong>tergum</strong></span> <span class='ocrx_word' id='word_1_31' title='bbox 2133 1081 2402 1144; x_wconf 88' lang='lat' dir='ltr'><strong>ornant</strong></span> <span class='ocrx_word' id='word_1_32' title='bbox 2433 1123 2456 1161; x_wconf 90' lang='lat'><strong>,</strong></span> <span class='ocrx_word' id='word_1_33' title='bbox 2510 1068 2769 1164; x_wconf 77' lang='lat' dir='ltr'><strong>nigri,</strong></span> <span class='ocrx_word' id='word_1_34' title='bbox 2834 1068 3067 1140; x_wconf 88' lang='lat' dir='ltr'><strong>immo</strong></span> <span class='ocrx_word' id='word_1_35' title='bbox 3114 1069 3500 1165; x_wconf 80' lang='lat' dir='ltr'>nigerrimi</span> <span class='ocrx_word' id='word_1_36' title='bbox 3526 1122 3549 1163; x_wconf 88' lang='lat'><strong>,</strong></span> <span class='ocrx_word' id='word_1_37' title='bbox 3627 1071 3835 1142; x_wconf 79' lang='lat' dir='ltr'><strong>densi</strong></span> <span class='ocrx_word' id='word_1_38' title='bbox 3893 1082 4239 1168; x_wconf 82' lang='lat' dir='ltr'><strong>tanquam</strong></span> 
     </span>
     <span class='ocr_line' id='line_1_5' title="bbox 993 1195 1957 1293; baseline -0.001 -26"><span class='ocrx_word' id='word_1_39' title='bbox 993 1195 1278 1293; x_wconf 83' lang='lat' dir='ltr'><strong>palmae</strong></span> <span class='ocrx_word' id='word_1_40' title='bbox 1332 1199 1609 1268; x_wconf 80' lang='lat' dir='ltr'><strong>racemi</strong></span> <span class='ocrx_word' id='word_1_41' title='bbox 1659 1196 1957 1291; x_wconf 75' lang='lat' dir='ltr'><strong>copiosi.</strong></span> 
     </span>
     <span class='ocr_line' id='line_1_6' title="bbox 640 1317 4242 1419; baseline 0.001 -26"><span class='ocrx_word' id='word_1_42' title='bbox 640 1318 739 1393; x_wconf 87' lang='lat' dir='ltr'><strong>V.</strong></span> <span class='ocrx_word' id='word_1_43' title='bbox 796 1321 920 1409; x_wconf 80' lang='grc'><strong>54.</strong></span> <span class='ocrx_word' id='word_1_44' title='bbox 1023 1320 1368 1392; x_wconf 88' lang='lat' dir='ltr'><strong>Cincinni</strong></span> <span class='ocrx_word' id='word_1_45' title='bbox 1436 1321 1594 1414; x_wconf 78' lang='lat' dir='ltr'><strong>ejus</strong></span> <span class='ocrx_word' id='word_1_46' title='bbox 1661 1321 1739 1390; x_wconf 92' lang='lat' dir='ltr'><strong>in</strong></span> <span class='ocrx_word' id='word_1_47' title='bbox 1820 1319 2051 1392; x_wconf 86' lang='lat' dir='ltr'><strong>altum</strong></span> <span class='ocrx_word' id='word_1_48' title='bbox 2112 1329 2284 1390; x_wconf 79' lang='lat' dir='ltr'><strong>sunt</strong></span> <span class='ocrx_word' id='word_1_49' title='bbox 2343 1317 2668 1390; x_wconf 82' lang='lat' dir='ltr'><strong>contorti</strong></span> <span class='ocrx_word' id='word_1_50' title='bbox 2739 1329 3086 1416; x_wconf 85' lang='lat' dir='ltr'><strong>erratque</strong></span> <span class='ocrx_word' id='word_1_51' title='bbox 3151 1319 3307 1414; x_wconf 70' lang='lat' dir='ltr'><strong>ejus</strong></span> <span class='ocrx_word' id='word_1_52' title='bbox 3371 1338 3581 1392; x_wconf 83' lang='lat' dir='ltr'><strong>coma</strong></span> <span class='ocrx_word' id='word_1_53' title='bbox 3627 1322 3897 1417; x_wconf 84' lang='lat' dir='ltr'><strong>partim</strong></span> <span class='ocrx_word' id='word_1_54' title='bbox 3944 1324 4242 1419; x_wconf 85' lang='lat' dir='ltr'><strong>nodata,</strong></span> 
     </span>
     <span class='ocr_line' id='line_1_7' title="bbox 977 1444 1922 1540; baseline -0.001 -27"><span class='ocrx_word' id='word_1_55' title='bbox 977 1445 1252 1540; x_wconf 87' lang='lat' dir='ltr'><strong>partim</strong></span> <span class='ocrx_word' id='word_1_56' title='bbox 1300 1444 1536 1516; x_wconf 87' lang='lat' dir='ltr'><strong>libere</strong></span> <span class='ocrx_word' id='word_1_57' title='bbox 1585 1444 1922 1534; x_wconf 79' lang='lat' dir='ltr'><strong>dimissa,</strong></span> 
     </span>
     <span class='ocr_line' id='line_1_8' title="bbox 548 1546 4241 1668; baseline 0.001 -27"><span class='ocrx_word' id='word_1_58' title='bbox 548 1546 559 1559; x_wconf 26' lang='grc' dir='ltr'>ι</span> <span class='ocrx_word' id='word_1_59' title='bbox 636 1565 734 1641; x_wconf 84' lang='lat' dir='ltr'><strong>V.</strong></span> <span class='ocrx_word' id='word_1_60' title='bbox 789 1568 907 1639; x_wconf 81' lang='lat'><strong>55.</strong></span> <span class='ocrx_word' id='word_1_61' title='bbox 1010 1567 1115 1638; x_wconf 92' lang='lat' dir='ltr'><strong>Et</strong></span> <span class='ocrx_word' id='word_1_62' title='bbox 1160 1568 1492 1662; x_wconf 79' lang='lat' dir='ltr'><strong>corporis</strong></span> <span class='ocrx_word' id='word_1_63' title='bbox 1541 1569 1916 1658; x_wconf 88' lang='lat' dir='ltr'><strong>medium,</strong></span> <span class='ocrx_word' id='word_1_64' title='bbox 1975 1564 2307 1649; x_wconf 82' lang='lat' dir='ltr'><strong>funiculo</strong></span> <span class='ocrx_word' id='word_1_65' title='bbox 2358 1566 2566 1638; x_wconf 83' lang='lat' dir='ltr'><strong>tenui</strong></span> <span class='ocrx_word' id='word_1_66' title='bbox 2614 1568 2853 1640; x_wconf 77' lang='lat' dir='ltr'><strong>simile</strong></span> <span class='ocrx_word' id='word_1_67' title='bbox 2901 1578 2979 1640; x_wconf 90' lang='lat' dir='ltr'><strong>et</strong></span> <span class='ocrx_word' id='word_1_68' title='bbox 3025 1592 3193 1640; x_wconf 75' lang='lat' dir='ltr'><strong>crus</strong></span> <span class='ocrx_word' id='word_1_69' title='bbox 3221 1620 3244 1662; x_wconf 91' lang='lat'><strong>,</strong></span> <span class='ocrx_word' id='word_1_70' title='bbox 3299 1568 3536 1642; x_wconf 76' lang='lat' dir='ltr'><strong>simile</strong></span> <span class='ocrx_word' id='word_1_71' title='bbox 3587 1571 3883 1644; x_wconf 73' lang='lat' dir='ltr'><strong>surculo</strong></span> <span class='ocrx_word' id='word_1_72' title='bbox 3932 1572 4241 1668; x_wconf 84' lang='lat' dir='ltr'><strong>palmae,</strong></span> 
     </span>
     <span class='ocr_line' id='line_1_9' title="bbox 980 1691 2366 1788; baseline -0.002 -25"><span class='ocrx_word' id='word_1_73' title='bbox 980 1705 1168 1788; x_wconf 81' lang='lat' dir='ltr'><strong>aqu‘a</strong></span> <span class='ocrx_word' id='word_1_74' title='bbox 1216 1692 1489 1787; x_wconf 77' lang='lat' dir='ltr'><strong>rigatae</strong></span> <span class='ocrx_word' id='word_1_75' title='bbox 1511 1743 1535 1783; x_wconf 89' lang='lat'><strong>,</strong></span> <span class='ocrx_word' id='word_1_76' title='bbox 1592 1694 1934 1764; x_wconf 67' lang='lat' dir='ltr'><strong>deorsum</strong></span> <span class='ocrx_word' id='word_1_77' title='bbox 1986 1691 2366 1788; x_wconf 80' lang='lat' dir='ltr'><strong>pendenti.</strong></span> 
     </span>
     <span class='ocr_line' id='line_1_10' title="bbox 650 1813 4240 1916; baseline 0.001 -26"><span class='ocrx_word' id='word_1_78' title='bbox 650 1815 745 1890; x_wconf 84' lang='lat' dir='ltr'><strong>V.</strong></span> <span class='ocrx_word' id='word_1_79' title='bbox 804 1818 945 1893; x_wconf 65' lang='grc' dir='ltr'><strong>56.ι</strong></span> <span class='ocrx_word' id='word_1_80' title='bbox 1024 1817 1323 1888; x_wconf 70' lang='lat' dir='ltr'><strong>Muscas</strong></span> <span class='ocrx_word' id='word_1_81' title='bbox 1373 1818 1858 1889; x_wconf 76' lang='lat' dir='ltr'><strong>comminutus</strong></span> <span class='ocrx_word' id='word_1_82' title='bbox 1893 1829 2024 1888; x_wconf 73' lang='lat' dir='ltr'><strong>est</strong></span> <span class='ocrx_word' id='word_1_83' title='bbox 2068 1817 2147 1887; x_wconf 89' lang='lat' dir='ltr'><strong>in</strong></span> <span class='ocrx_word' id='word_1_84' title='bbox 2198 1813 2358 1906; x_wconf 75' lang='lat' dir='ltr'><strong>ejus</strong></span> <span class='ocrx_word' id='word_1_85' title='bbox 2407 1814 2623 1885; x_wconf 89' lang='lat' dir='ltr'><strong>lecto.</strong></span> <span class='ocrx_word' id='word_1_86' title='bbox 2683 1813 3076 1887; x_wconf 76' lang='lat' dir='ltr'><strong>Dormiens</strong></span> <span class='ocrx_word' id='word_1_87' title='bbox 3097 1828 3433 1913; x_wconf 86' lang='lat' dir='ltr'><strong>tempore</strong></span> <span class='ocrx_word' id='word_1_88' title='bbox 3469 1820 3828 1891; x_wconf 85' lang='lat' dir='ltr'><strong>matutino</strong></span> <span class='ocrx_word' id='word_1_89' title='bbox 3875 1820 4024 1914; x_wconf 85' lang='lat' dir='ltr'><strong>jam</strong></span> <span class='ocrx_word' id='word_1_90' title='bbox 4073 1844 4240 1916; x_wconf 85' lang='lat' dir='ltr'><strong>pro-</strong></span> 
     </span>
     <span class='ocr_line' id='line_1_11' title="bbox 870 1938 3594 2035; baseline -0.001 -18"><span class='ocrx_word' id='word_1_91' title='bbox 870 2020 893 2035; x_wconf 62' lang='lat'><strong>,</strong></span> <span class='ocrx_word' id='word_1_92' title='bbox 1009 1942 1336 2017; x_wconf 62' lang='lat' dir='ltr'><strong>rectiore</strong></span> <span class='ocrx_word' id='word_1_93' title='bbox 1366 1994 1389 2034; x_wconf 93' lang='lat'><strong>,</strong></span> <span class='ocrx_word' id='word_1_94' title='bbox 1444 1964 1593 2012; x_wconf 89' lang='lat' dir='ltr'><strong>non</strong></span> <span class='ocrx_word' id='word_1_95' title='bbox 1650 1943 1966 2035; x_wconf 85' lang='lat' dir='ltr'>cingitur</span> <span class='ocrx_word' id='word_1_96' title='bbox 2014 1951 2405 2034; x_wconf 75' lang='lat' dir='ltr'><strong>postquam</strong></span> <span class='ocrx_word' id='word_1_97' title='bbox 2457 1938 2699 2029; x_wconf 76' lang='lat' dir='ltr'><strong>induit</strong></span> <span class='ocrx_word' id='word_1_98' title='bbox 2747 1951 3021 2012; x_wconf 68' lang='lat' dir='ltr'><strong>reatem</strong></span> <span class='ocrx_word' id='word_1_99' title='bbox 3073 1943 3594 2035; x_wconf 80' lang='lat' dir='ltr'><strong>quotidianam.</strong></span> 
     </span>
     <span class='ocr_line' id='line_1_12' title="bbox 640 2064 4247 2165; baseline 0.001 -26"><span class='ocrx_word' id='word_1_100' title='bbox 640 2066 736 2139; x_wconf 89' lang='lat' dir='ltr'><strong>V.</strong></span> <span class='ocrx_word' id='word_1_101' title='bbox 791 2068 911 2159; x_wconf 85' lang='lat'><strong>57.</strong></span> <span class='ocrx_word' id='word_1_102' title='bbox 1016 2066 1233 2159; x_wconf 87' lang='lat' dir='ltr'><strong>Capit</strong></span> <span class='ocrx_word' id='word_1_103' title='bbox 1281 2086 1397 2136; x_wconf 78' lang='lat' dir='ltr'><strong>res</strong></span> <span class='ocrx_word' id='word_1_104' title='bbox 1448 2065 1675 2158; x_wconf 82' lang='lat' dir='ltr'><strong>digito</strong></span> <span class='ocrx_word' id='word_1_105' title='bbox 1726 2076 2024 2154; x_wconf 89' lang='lat' dir='ltr'><strong>tenero,</strong></span> <span class='ocrx_word' id='word_1_106' title='bbox 2103 2086 2254 2134; x_wconf 91' lang='lat' dir='ltr'><strong>non</strong></span> <span class='ocrx_word' id='word_1_107' title='bbox 2306 2085 2595 2151; x_wconf 79' lang='lat' dir='ltr'><strong>crasso,</strong></span> <span class='ocrx_word' id='word_1_108' title='bbox 2652 2064 2778 2157; x_wconf 85' lang='lat' dir='ltr'><strong>qui</strong></span> <span class='ocrx_word' id='word_1_109' title='bbox 2824 2064 3080 2135; x_wconf 73' lang='lat' dir='ltr'><strong>similis</strong></span> <span class='ocrx_word' id='word_1_110' title='bbox 3131 2079 3242 2137; x_wconf 79' lang='lat' dir='ltr'><strong>eat</strong></span> <span class='ocrx_word' id='word_1_111' title='bbox 3290 2071 3529 2142; x_wconf 82' lang='lat' dir='ltr'><strong>vermi</strong></span> <span class='ocrx_word' id='word_1_112' title='bbox 3579 2072 3899 2165; x_wconf 74' lang='lat' dir='ltr'><strong>regionis</strong></span> <span class='ocrx_word' id='word_1_113' title='bbox 3958 2070 4247 2144; x_wconf 78' lang='lat' dir='ltr'><strong>zabae-</strong></span> 
     </span>
     <span class='ocr_line' id='line_1_13' title="bbox 979 2184 2751 2281; baseline -0.002 -23"><span class='ocrx_word' id='word_1_114' title='bbox 979 2213 1068 2259; x_wconf 86' lang='lat' dir='ltr'><strong>ae</strong></span> <span class='ocrx_word' id='word_1_115' title='bbox 1118 2203 1242 2262; x_wconf 89' lang='lat' dir='ltr'><strong>aut</strong></span> <span class='ocrx_word' id='word_1_116' title='bbox 1290 2189 1751 2278; x_wconf 79' lang='lat' dir='ltr'><strong>dentifriciis,</strong></span> <span class='ocrx_word' id='word_1_117' title='bbox 1802 2212 1846 2260; x_wconf 94' lang='lat' dir='ltr'><strong>e</strong></span> <span class='ocrx_word' id='word_1_118' title='bbox 1896 2190 2096 2281; x_wconf 88' lang='lat' dir='ltr'><strong>ligno</strong></span> <span class='ocrx_word' id='word_1_119' title='bbox 2149 2185 2329 2257; x_wconf 82' lang='lat' dir='ltr'><strong>Ishil</strong></span> <span class='ocrx_word' id='word_1_120' title='bbox 2379 2184 2751 2257; x_wconf 79' lang='lat' dir='ltr'><strong>confectis.</strong></span> 
     </span>
     <span class='ocr_line' id='line_1_14' title="bbox 638 2310 4245 2415; baseline 0.001 -28"><span class='ocrx_word' id='word_1_121' title='bbox 638 2312 736 2387; x_wconf 79' lang='lat' dir='ltr'><strong>V.</strong></span> <span class='ocrx_word' id='word_1_122' title='bbox 793 2315 909 2386; x_wconf 80' lang='lat'><strong>58.</strong></span> <span class='ocrx_word' id='word_1_123' title='bbox 1011 2314 1389 2410; x_wconf 87' lang='lat' dir='ltr'><strong>Tempore</strong></span> <span class='ocrx_word' id='word_1_124' title='bbox 1464 2316 1885 2409; x_wconf 78' lang='lat' dir='ltr'><strong>vespertino</strong></span> <span class='ocrx_word' id='word_1_125' title='bbox 1937 2313 2259 2383; x_wconf 79' lang='lat' dir='ltr'><strong>illustrat</strong></span> <span class='ocrx_word' id='word_1_126' title='bbox 2303 2311 2675 2402; x_wconf 70' lang='lat' dir='ltr'><strong>tenebras,</strong></span> <span class='ocrx_word' id='word_1_127' title='bbox 2730 2331 2815 2379; x_wconf 83' lang='lat' dir='ltr'><strong>ac</strong></span> <span class='ocrx_word' id='word_1_128' title='bbox 2863 2310 2930 2380; x_wconf 79' lang='lat' dir='ltr'><strong>ai</strong></span> <span class='ocrx_word' id='word_1_129' title='bbox 2977 2310 3071 2381; x_wconf 75' lang='lat' dir='ltr'><strong>sit</strong></span> <span class='ocrx_word' id='word_1_130' title='bbox 3112 2313 3386 2409; x_wconf 65' lang='lat' dir='ltr'><strong>lampas</strong></span> <span class='ocrx_word' id='word_1_131' title='bbox 3430 2316 3578 2390; x_wconf 92' lang='lat' dir='ltr'><strong>loci</strong></span> <span class='ocrx_word' id='word_1_132' title='bbox 3616 2322 4014 2415; x_wconf 73' lang='lat' dir='ltr'><strong>vespertini</strong></span> <span class='ocrx_word' id='word_1_133' title='bbox 4073 2348 4245 2395; x_wconf 86' lang='lat' dir='ltr'><strong>mo·-</strong></span> 
     </span>
     <span class='ocr_line' id='line_1_15' title="bbox 975 2435 3908 2534; baseline -0.005 -23"><span class='ocrx_word' id='word_1_134' title='bbox 975 2439 1216 2531; x_wconf 85' lang='lat' dir='ltr'><strong>nachi,</strong></span> <span class='ocrx_word' id='word_1_135' title='bbox 1270 2441 1397 2534; x_wconf 88' lang='lat' dir='ltr'><strong>qui</strong></span> <span class='ocrx_word' id='word_1_136' title='bbox 1448 2438 1587 2509; x_wconf 92' lang='lat' dir='ltr'><strong>deo</strong></span> <span class='ocrx_word' id='word_1_137' title='bbox 1636 2461 1717 2511; x_wconf 78' lang='lat' dir='ltr'><strong>se</strong></span> <span class='ocrx_word' id='word_1_138' title='bbox 1767 2435 2242 2509; x_wconf 82' lang='lat' dir='ltr'><strong>consecravit.</strong></span> <span class='ocrx_word' id='word_1_139' title='bbox 3901 2512 3908 2517; x_wconf 80' lang='lat'><strong>.</strong></span> 
     </span>
     <span class='ocr_line' id='line_1_16' title="bbox 649 2560 4244 2659; baseline 0.002 -22"><span class='ocrx_word' id='word_1_140' title='bbox 649 2562 734 2637; x_wconf 81' lang='lat' dir='ltr'><strong>V.</strong></span> <span class='ocrx_word' id='word_1_141' title='bbox 784 2565 902 2659; x_wconf 76' lang='grc'><strong>59.</strong></span> <span class='ocrx_word' id='word_1_142' title='bbox 1005 2564 1267 2635; x_wconf 85' lang='lat' dir='ltr'><strong>Talem</strong></span> <span class='ocrx_word' id='word_1_143' title='bbox 1333 2564 1693 2657; x_wconf 81' lang='lat' dir='ltr'><strong>virginem</strong></span> <span class='ocrx_word' id='word_1_144' title='bbox 1759 2585 2013 2634; x_wconf 85' lang='lat' dir='ltr'><strong>amore</strong></span> <span class='ocrx_word' id='word_1_145' title='bbox 2076 2573 2465 2655; x_wconf 78' lang='lat' dir='ltr'><strong>correptus</strong></span> <span class='ocrx_word' id='word_1_146' title='bbox 2515 2561 2632 2636; x_wconf 74' lang='lat' dir='ltr'><strong>vir</strong></span> <span class='ocrx_word' id='word_1_147' title='bbox 2698 2560 2933 2631; x_wconf 79' lang='lat' dir='ltr'><strong>bonus</strong></span> <span class='ocrx_word' id='word_1_148' title='bbox 3028 2561 3606 2658; x_wconf 84' lang='lat' dir='ltr'><strong>contemplatur,</strong></span> <span class='ocrx_word' id='word_1_149' title='bbox 3681 2590 3849 2639; x_wconf 87' lang='lat' dir='ltr'><strong>cum</strong></span> <span class='ocrx_word' id='word_1_150' title='bbox 3915 2571 4010 2640; x_wconf 79' lang='lat' dir='ltr'><strong>ait</strong></span> <span class='ocrx_word' id='word_1_151' title='bbox 4085 2560 4244 2644; x_wconf 63' lang='lat' dir='ltr'><strong>sta-4</strong></span> 
     </span>
     <span class='ocr_line' id='line_1_17' title="bbox 990 2666 3829 2781; baseline -0.001 -20"><span class='ocrx_word' id='word_1_152' title='bbox 990 2700 1163 2761; x_wconf 87' lang='lat' dir='ltr'><strong>tura</strong></span> <span class='ocrx_word' id='word_1_153' title='bbox 1208 2666 1453 2760; x_wconf 80' lang='lat' dir='ltr'><strong>media</strong></span> <span class='ocrx_word' id='word_1_154' title='bbox 1500 2690 1694 2759; x_wconf 85' lang='lat' dir='ltr'><strong>inter</strong></span> <span class='ocrx_word' id='word_1_155' title='bbox 1740 2711 1903 2779; x_wconf 83' lang='lat' dir='ltr'><strong>eas,</strong></span> <span class='ocrx_word' id='word_1_156' title='bbox 1978 2709 2162 2781; x_wconf 87' lang='lat' dir='ltr'><strong>quae</strong></span> <span class='ocrx_word' id='word_1_157' title='bbox 2206 2707 2445 2780; x_wconf 78' lang='lat' dir='ltr'><strong>parvo</strong></span> <span class='ocrx_word' id='word_1_158' title='bbox 2494 2696 2571 2753; x_wconf 86' lang='lat' dir='ltr'><strong>et</strong></span> <span class='ocrx_word' id='word_1_159' title='bbox 2608 2707 2794 2778; x_wconf 86' lang='lat' dir='ltr'><strong>qnae</strong></span> <span class='ocrx_word' id='word_1_160' title='bbox 2846 2709 3107 2779; x_wconf 84' lang='lat' dir='ltr'><strong>magno</strong></span> <span class='ocrx_word' id='word_1_161' title='bbox 3158 2697 3464 2756; x_wconf 79' lang='lat' dir='ltr'><strong>utuntur</strong></span> <span class='ocrx_word' id='word_1_162' title='bbox 3512 2687 3829 2765; x_wconf 77' lang='lat' dir='ltr'><strong>indusio.</strong></span> 
     </span>
     <span class='ocr_line' id='line_1_18' title="bbox 636 2809 4239 2902; baseline 0.002 -14"><span class='ocrx_word' id='word_1_163' title='bbox 636 2812 736 2890; x_wconf 85' lang='lat' dir='ltr'><strong>V.</strong></span> <span class='ocrx_word' id='word_1_164' title='bbox 785 2820 906 2902; x_wconf 78' lang='grc' dir='ltr'><strong>4ο.</strong></span> <span class='ocrx_word' id='word_1_165' title='bbox 1030 2814 1482 2884; x_wconf 83' lang='lat' dir='ltr'><strong>Liberantur</strong></span> <span class='ocrx_word' id='word_1_166' title='bbox 1535 2812 1660 2885; x_wconf 87' lang='lat' dir='ltr'><strong>alii</strong></span> <span class='ocrx_word' id='word_1_167' title='bbox 1711 2812 1854 2887; x_wconf 76' lang='lat' dir='ltr'><strong>viri</strong></span> <span class='ocrx_word' id='word_1_168' title='bbox 1904 2811 1995 2881; x_wconf 89' lang='lat' dir='ltr'><strong>ab</strong></span> <span class='ocrx_word' id='word_1_169' title='bbox 2045 2810 2323 2881; x_wconf 74' lang='lat' dir='ltr'><strong>amoris</strong></span> <span class='ocrx_word' id='word_1_170' title='bbox 2387 2809 2740 2879; x_wconf 87' lang='lat' dir='ltr'><strong>coecitate</strong></span> <span class='ocrx_word' id='word_1_171' title='bbox 2790 2809 2921 2880; x_wconf 80' lang='lat' dir='ltr'><strong>eed</strong></span> <span class='ocrx_word' id='word_1_172' title='bbox 2968 2832 3099 2880; x_wconf 89' lang='lat' dir='ltr'><strong>cor</strong></span> <span class='ocrx_word' id='word_1_173' title='bbox 3157 2829 3405 2881; x_wconf 87' lang='lat' dir='ltr'><strong>meum</strong></span> <span class='ocrx_word' id='word_1_174' title='bbox 3457 2814 3551 2883; x_wconf 87' lang='lat' dir='ltr'><strong>ab</strong></span> <span class='ocrx_word' id='word_1_175' title='bbox 3603 2836 3857 2887; x_wconf 84' lang='lat' dir='ltr'><strong>amore</strong></span> <span class='ocrx_word' id='word_1_176' title='bbox 3905 2830 4037 2891; x_wconf 91' lang='lat' dir='ltr'><strong>tuo</strong></span> <span class='ocrx_word' id='word_1_177' title='bbox 4089 2844 4239 2895; x_wconf 90' lang='lat' dir='ltr'><strong>non</strong></span> 
     </span>
     <span class='ocr_line' id='line_1_19' title="bbox 1005 2931 4234 3010; baseline -0.001 -2"><span class='ocrx_word' id='word_1_178' title='bbox 1005 2938 1305 3010; x_wconf 86' lang='lat' dir='ltr'><strong>recedit.</strong></span> <span class='ocrx_word' id='word_1_179' title='bbox 4223 2931 4234 2939; x_wconf 73' lang='grc'><strong>’</strong></span> 
     </span>
     <span class='ocr_line' id='line_1_20' title="bbox 649 3057 4241 3161; baseline 0.003 -25"><span class='ocrx_word' id='word_1_180' title='bbox 649 3062 742 3137; x_wconf 88' lang='lat' dir='ltr'><strong>V.</strong></span> <span class='ocrx_word' id='word_1_181' title='bbox 793 3069 915 3151; x_wconf 75' lang='lat'><strong>41.</strong></span> <span class='ocrx_word' id='word_1_182' title='bbox 1015 3062 1248 3155; x_wconf 86' lang='lat' dir='ltr'><strong>Saepe</strong></span> <span class='ocrx_word' id='word_1_183' title='bbox 1295 3065 1441 3157; x_wconf 78' lang='lat' dir='ltr'><strong>jam</strong></span> <span class='ocrx_word' id='word_1_184' title='bbox 1491 3062 1734 3158; x_wconf 89' lang='lat' dir='ltr'><strong>repuli</strong></span> <span class='ocrx_word' id='word_1_185' title='bbox 1780 3060 2228 3133; x_wconf 86' lang='lat' dir='ltr'><strong>monitorem</strong></span> <span class='ocrx_word' id='word_1_186' title='bbox 2257 3060 2448 3130; x_wconf 86' lang='lat' dir='ltr'><strong>in.te</strong></span> <span class='ocrx_word' id='word_1_187' title='bbox 2499 3057 3006 3133; x_wconf 82' lang='lat' dir='ltr'><strong>vehementem</strong></span> <span class='ocrx_word' id='word_1_188' title='bbox 3025 3110 3050 3149; x_wconf 90' lang='lat'><strong>,</strong></span> <span class='ocrx_word' id='word_1_189' title='bbox 3106 3058 3480 3132; x_wconf 78' lang='lat' dir='ltr'><strong>sincerum</strong></span> <span class='ocrx_word' id='word_1_190' title='bbox 3544 3061 3619 3132; x_wconf 91' lang='lat' dir='ltr'><strong>in</strong></span> <span class='ocrx_word' id='word_1_191' title='bbox 3671 3067 4241 3161; x_wconf 74' lang='lat' dir='ltr'><strong>reprehensione</strong></span> 
     </span>
     <span class='ocr_line' id='line_1_21' title="bbox 995 3197 3464 3286; baseline -0.001 -27"><span class='ocrx_word' id='word_1_192' title='bbox 995 3197 1072 3259; x_wconf 87' lang='lat' dir='ltr'><strong>et</strong></span> <span class='ocrx_word' id='word_1_193' title='bbox 1117 3210 1269 3258; x_wconf 89' lang='lat' dir='ltr'><strong>non</strong></span> <span class='ocrx_word' id='word_1_194' title='bbox 1316 3210 1637 3281; x_wconf 77' lang='lat' dir='ltr'><strong>segnem.</strong></span> <span class='ocrx_word' id='word_1_195' title='bbox 3453 3276 3464 3286; x_wconf 37' lang='lat'><strong>·</strong></span> 
     </span>
     <span class='ocr_line' id='line_1_22' title="bbox 648 3304 4243 3413; baseline 0.002 -29"><span class='ocrx_word' id='word_1_196' title='bbox 648 3311 741 3386; x_wconf 90' lang='lat' dir='ltr'><strong>V.</strong></span> <span class='ocrx_word' id='word_1_197' title='bbox 797 3319 919 3400; x_wconf 79' lang='lat'><strong>42.</strong></span> <span class='ocrx_word' id='word_1_198' title='bbox 1024 3311 1263 3405; x_wconf 84' lang='lat' dir='ltr'><strong>Saepe</strong></span> <span class='ocrx_word' id='word_1_199' title='bbox 1311 3310 1458 3404; x_wconf 80' lang='lat' dir='ltr'><strong>jam</strong></span> <span class='ocrx_word' id='word_1_200' title='bbox 1507 3333 1698 3394; x_wconf 63' lang='lat' dir='ltr'><strong>not,</strong></span> <span class='ocrx_word' id='word_1_201' title='bbox 1769 3309 2110 3382; x_wconf 75' lang='lat' dir='ltr'><strong>fluctibus</strong></span> <span class='ocrx_word' id='word_1_202' title='bbox 2138 3339 2145 3346; x_wconf 96' lang='lat'>·</span> <span class='ocrx_word' id='word_1_203' title='bbox 2173 3305 2414 3376; x_wconf 79' lang='lat' dir='ltr'><strong>maris·</strong></span> <span class='ocrx_word' id='word_1_204' title='bbox 2467 3304 2723 3375; x_wconf 79' lang='lat' dir='ltr'><strong>similis</strong></span> <span class='ocrx_word' id='word_1_205' title='bbox 2748 3356 2770 3393; x_wconf 93' lang='lat'><strong>,</strong></span> <span class='ocrx_word' id='word_1_206' title='bbox 2840 3326 3059 3396; x_wconf 85' lang='lat' dir='ltr'><strong>super</strong></span> <span class='ocrx_word' id='word_1_207' title='bbox 3110 3329 3227 3378; x_wconf 90' lang='lat' dir='ltr'><strong>me</strong></span> <span class='ocrx_word' id='word_1_208' title='bbox 3280 3308 3573 3381; x_wconf 81' lang='lat' dir='ltr'><strong>demisit</strong></span> <span class='ocrx_word' id='word_1_209' title='bbox 3613 3311 4023 3387; x_wconf 82' lang='lat' dir='ltr'><strong>velamenta</strong></span> <span class='ocrx_word' id='word_1_210' title='bbox 4084 3343 4243 3413; x_wconf 78' lang='lat' dir='ltr'><strong>ana,</strong></span> 
     </span>
     <span class='ocr_line' id='line_1_23' title="bbox 1006 3429 3021 3525; baseline -0.002 -22"><span class='ocrx_word' id='word_1_211' title='bbox 1006 3457 1175 3503; x_wconf 91' lang='lat' dir='ltr'><strong>cum</strong></span> <span class='ocrx_word' id='word_1_212' title='bbox 1231 3434 1453 3507; x_wconf 78' lang='lat' dir='ltr'><strong>variis</strong></span> <span class='ocrx_word' id='word_1_213' title='bbox 1503 3455 1846 3505; x_wconf 88' lang='lat' dir='ltr'><strong>curarum</strong></span> <span class='ocrx_word' id='word_1_214' title='bbox 1900 3429 2322 3525; x_wconf 83' lang='lat' dir='ltr'><strong>generibus,</strong></span> <span class='ocrx_word' id='word_1_215' title='bbox 2380 3441 2466 3499; x_wconf 87' lang='lat' dir='ltr'><strong>ut</strong></span> <span class='ocrx_word' id='word_1_216' title='bbox 2514 3453 2633 3499; x_wconf 90' lang='lat' dir='ltr'><strong>me</strong></span> <span class='ocrx_word' id='word_1_217' title='bbox 2684 3440 3021 3499; x_wconf 86' lang='lat' dir='ltr'><strong>tentaret.</strong></span> 
     </span>
     <span class='ocr_line' id='line_1_24' title="bbox 663 3551 4246 3660; baseline -0.001 -34"><span class='ocrx_word' id='word_1_218' title='bbox 663 3555 758 3631; x_wconf 89' lang='lat' dir='ltr'><strong>V.</strong></span> <span class='ocrx_word' id='word_1_219' title='bbox 812 3556 930 3643; x_wconf 79' lang='grc'><strong>45.</strong></span> <span class='ocrx_word' id='word_1_220' title='bbox 1031 3555 1357 3652; x_wconf 75' lang='lat' dir='ltr'><strong>Dixique</strong></span> <span class='ocrx_word' id='word_1_221' title='bbox 1425 3556 1496 3626; x_wconf 90' lang='lat' dir='ltr'><strong>ei</strong></span> <span class='ocrx_word' id='word_1_222' title='bbox 1546 3580 1714 3627; x_wconf 86' lang='lat' dir='ltr'><strong>cum</strong></span> <span class='ocrx_word' id='word_1_223' title='bbox 1776 3556 2255 3650; x_wconf 88' lang='lat' dir='ltr'><strong>protenderet</strong></span> <span class='ocrx_word' id='word_1_224' title='bbox 2307 3551 2646 3624; x_wconf 86' lang='lat' dir='ltr'><strong>lumbum</strong></span> <span class='ocrx_word' id='word_1_225' title='bbox 2696 3576 2908 3624; x_wconf 77' lang='lat' dir='ltr'><strong>anum</strong></span> <span class='ocrx_word' id='word_1_226' title='bbox 2961 3565 3056 3623; x_wconf 79' lang='lat' dir='ltr'><strong>et‘</strong></span> <span class='ocrx_word' id='word_1_227' title='bbox 3084 3556 3292 3650; x_wconf 77' lang='lat' dir='ltr'><strong>sequi</strong></span> <span class='ocrx_word' id='word_1_228' title='bbox 3338 3555 3622 3630; x_wconf 84' lang='lat' dir='ltr'><strong>faceret</strong></span> <span class='ocrx_word' id='word_1_229' title='bbox 3669 3574 3955 3659; x_wconf 78' lang='lat' dir='ltr'><strong>partem</strong></span> <span class='ocrx_word' id='word_1_230' title='bbox 4007 3568 4246 3660; x_wconf 74' lang='lat' dir='ltr'><strong>posti..</strong></span> 
     </span>
     <span class='ocr_line' id='line_1_25' title="bbox 1007 3689 2058 3774; baseline 0.001 -26"><span class='ocrx_word' id='word_1_231' title='bbox 1007 3703 1168 3748; x_wconf 86' lang='lat' dir='ltr'><strong>cam</strong></span> <span class='ocrx_word' id='word_1_232' title='bbox 1218 3691 1293 3751; x_wconf 86' lang='lat' dir='ltr'><strong>et</strong></span> <span class='ocrx_word' id='word_1_233' title='bbox 1339 3691 1594 3774; x_wconf 85' lang='lat' dir='ltr'><strong>pectus</strong></span> <span class='ocrx_word' id='word_1_234' title='bbox 1644 3689 2058 3750; x_wconf 83' lang='lat' dir='ltr'><strong>averteret:</strong></span> 
     </span>
     <span class='ocr_line' id='line_1_26' title="bbox 658 3800 4235 3895; baseline 0.003 -21"><span class='ocrx_word' id='word_1_235' title='bbox 658 3802 748 3876; x_wconf 89' lang='lat' dir='ltr'><strong>V.</strong></span> <span class='ocrx_word' id='word_1_236' title='bbox 800 3809 918 3891; x_wconf 75' lang='lat'><strong>44.</strong></span> <span class='ocrx_word' id='word_1_237' title='bbox 1019 3801 1287 3873; x_wconf 87' lang='lat' dir='ltr'><strong>Nonne</strong></span> <span class='ocrx_word' id='word_1_238' title='bbox 1335 3814 1447 3892; x_wconf 88' lang='lat' dir='ltr'><strong>tu,</strong></span> <span class='ocrx_word' id='word_1_239' title='bbox 1504 3827 1551 3872; x_wconf 94' lang='lat' dir='ltr'><strong>o</strong></span> <span class='ocrx_word' id='word_1_240' title='bbox 1594 3802 1667 3873; x_wconf 85' lang='lat' dir='ltr'>N</span> <span class='ocrx_word' id='word_1_241' title='bbox 1677 3826 1773 3872; x_wconf 74' lang='lat' dir='ltr'><strong>ox</strong></span> <span class='ocrx_word' id='word_1_242' title='bbox 1822 3800 2065 3894; x_wconf 85' lang='lat' dir='ltr'><strong>longa,</strong></span> <span class='ocrx_word' id='word_1_243' title='bbox 2134 3824 2387 3873; x_wconf 87' lang='lat' dir='ltr'><strong>nonne</strong></span> <span class='ocrx_word' id='word_1_244' title='bbox 2458 3800 2868 3871; x_wconf 79' lang='lat' dir='ltr'><strong>discutieris</strong></span> <span class='ocrx_word' id='word_1_245' title='bbox 2934 3823 3072 3895; x_wconf 86' lang='lat' dir='ltr'><strong>per</strong></span> <span class='ocrx_word' id='word_1_246' title='bbox 3135 3800 3563 3876; x_wconf 81' lang='lat' dir='ltr'><strong>Auroram?</strong></span> <span class='ocrx_word' id='word_1_247' title='bbox 3657 3806 3758 3879; x_wconf 83' lang='lat' dir='ltr'><strong>At</strong></span> <span class='ocrx_word' id='word_1_248' title='bbox 3823 3833 4008 3885; x_wconf 75' lang='lat' dir='ltr'><strong>vero</strong></span> <span class='ocrx_word' id='word_1_249' title='bbox 4068 3810 4235 3885; x_wconf 85' lang='lat' dir='ltr'><strong>Au·-</strong></span> 
     </span>
     <span class='ocr_line' id='line_1_27' title="bbox 915 3925 2013 4003; baseline -0.008 0"><span class='ocrx_word' id='word_1_250' title='bbox 915 3967 945 4003; x_wconf 91' lang='lat'><strong>.·</strong></span> <span class='ocrx_word' id='word_1_251' title='bbox 1006 3949 1187 3997; x_wconf 87' lang='lat' dir='ltr'><strong>rora</strong></span> <span class='ocrx_word' id='word_1_252' title='bbox 1234 3939 1309 3998; x_wconf 87' lang='lat' dir='ltr'><strong>te</strong></span> <span class='ocrx_word' id='word_1_253' title='bbox 1358 3949 1508 3997; x_wconf 86' lang='lat' dir='ltr'><strong>non</strong></span> <span class='ocrx_word' id='word_1_254' title='bbox 1559 3938 1672 3998; x_wconf 79' lang='lat' dir='ltr'><strong>est</strong></span> <span class='ocrx_word' id='word_1_255' title='bbox 1724 3925 2013 3996; x_wconf 89' lang='lat' dir='ltr'><strong>melior.</strong></span> 
     </span>
     <span class='ocr_line' id='line_1_28' title="bbox 650 4045 4244 4144; baseline 0 -22"><span class='ocrx_word' id='word_1_256' title='bbox 650 4050 743 4122; x_wconf 90' lang='lat' dir='ltr'><strong>V.</strong></span> <span class='ocrx_word' id='word_1_257' title='bbox 795 4051 914 4136; x_wconf 76' lang='grc'><strong>45.</strong></span> <span class='ocrx_word' id='word_1_258' title='bbox 1019 4047 1090 4120; x_wconf 90' lang='grc' dir='ltr'>Ο</span> <span class='ocrx_word' id='word_1_259' title='bbox 1144 4060 1439 4124; x_wconf 86' lang='lat' dir='ltr'><strong>noctem</strong></span> <span class='ocrx_word' id='word_1_260' title='bbox 1493 4049 1913 4120; x_wconf 87' lang='lat' dir='ltr'><strong>mirabilem</strong></span> <span class='ocrx_word' id='word_1_261' title='bbox 1934 4100 1958 4139; x_wconf 88' lang='lat'><strong>,</strong></span> <span class='ocrx_word' id='word_1_262' title='bbox 2087 4050 2294 4142; x_wconf 71' lang='lat' dir='ltr'><strong>cujus</strong></span> <span class='ocrx_word' id='word_1_263' title='bbox 2348 4045 2604 4120; x_wconf 71' lang='lat' dir='ltr'><strong>atellae</strong></span> <span class='ocrx_word' id='word_1_264' title='bbox 2652 4049 3001 4123; x_wconf 78' lang='lat' dir='ltr'><strong>videntur</strong></span> <span class='ocrx_word' id='word_1_265' title='bbox 3067 4048 3399 4144; x_wconf 86' lang='lat' dir='ltr'><strong>alligatae</strong></span> <span class='ocrx_word' id='word_1_266' title='bbox 3476 4052 3685 4128; x_wconf 69' lang='lat' dir='ltr'><strong>fimib</strong></span> <span class='ocrx_word' id='word_1_267' title='bbox 3701 4079 3784 4129; x_wconf 73' lang='lat' dir='ltr'><strong>ua</strong></span> <span class='ocrx_word' id='word_1_268' title='bbox 3837 4059 3970 4131; x_wconf 82' lang='lat' dir='ltr'><strong>lini</strong></span> <span class='ocrx_word' id='word_1_269' title='bbox 4018 4060 4244 4133; x_wconf 60' lang='lat' dir='ltr'><strong>duros</strong></span> 
     </span>
     <span class='ocr_line' id='line_1_29' title="bbox 653 4165 1457 4266; baseline 0.001 -24"><span class='ocrx_word' id='word_1_270' title='bbox 653 4261 657 4266; x_wconf 84' lang='lat'><strong>.</strong></span> <span class='ocrx_word' id='word_1_271' title='bbox 1006 4172 1101 4242; x_wconf 88' lang='lat' dir='ltr'><strong>ad</strong></span> <span class='ocrx_word' id='word_1_272' title='bbox 1148 4165 1457 4266; x_wconf 72' lang='lat' dir='ltr'><strong>lapidea!</strong></span> 
     </span>
     <span class='ocr_line' id='line_1_30' title="bbox 646 4293 4238 4400; baseline 0.004 -31"><span class='ocrx_word' id='word_1_273' title='bbox 646 4296 744 4380; x_wconf 66' lang='grc' dir='ltr'><strong>Υ.</strong></span> <span class='ocrx_word' id='word_1_274' title='bbox 799 4295 916 4376; x_wconf 77' lang='grc'><strong>46.</strong></span> <span class='ocrx_word' id='word_1_275' title='bbox 1019 4298 1253 4390; x_wconf 87' lang='lat' dir='ltr'><strong>Saepe</strong></span> <span class='ocrx_word' id='word_1_276' title='bbox 1316 4297 1560 4367; x_wconf 88' lang='lat' dir='ltr'><strong>lorum</strong></span> <span class='ocrx_word' id='word_1_277' title='bbox 1627 4295 1810 4366; x_wconf 83' lang='lat' dir='ltr'><strong>utria</strong></span> <span class='ocrx_word' id='word_1_278' title='bbox 1874 4293 2320 4389; x_wconf 88' lang='lat' dir='ltr'><strong>populorum</strong></span> <span class='ocrx_word' id='word_1_279' title='bbox 2381 4294 2699 4388; x_wconf 85' lang='lat' dir='ltr'><strong>imposui</strong></span> <span class='ocrx_word' id='word_1_280' title='bbox 2753 4296 3080 4369; x_wconf 71' lang='lat' dir='ltr'><strong>humeris</strong></span> <span class='ocrx_word' id='word_1_281' title='bbox 3127 4302 3310 4371; x_wconf 81' lang='lat' dir='ltr'><strong>meis</strong></span> <span class='ocrx_word' id='word_1_282' title='bbox 3366 4303 3929 4400; x_wconf 73' lang='lat' dir='ltr'><strong>obsequentibus</strong></span> <span class='ocrx_word' id='word_1_283' title='bbox 3980 4320 4056 4380; x_wconf 90' lang='lat' dir='ltr'><strong>et</strong></span> <span class='ocrx_word' id='word_1_284' title='bbox 4105 4311 4238 4382; x_wconf 88' lang='lat' dir='ltr'><strong>ad-</strong></span> 
     </span>
     <span class='ocr_line' id='line_1_31' title="bbox 995 4419 1918 4512; baseline -0.003 -22"><span class='ocrx_word' id='word_1_285' title='bbox 995 4422 1220 4490; x_wconf 79' lang='lat' dir='ltr'><strong>suetis</strong></span> <span class='ocrx_word' id='word_1_286' title='bbox 1271 4421 1480 4490; x_wconf 81' lang='lat' dir='ltr'><strong>oneri</strong></span> <span class='ocrx_word' id='word_1_287' title='bbox 1530 4419 1918 4512; x_wconf 79' lang='lat' dir='ltr'><strong>portando.</strong></span> 
     </span>
     <span class='ocr_line' id='line_1_32' title="bbox 654 4541 4232 4650; baseline 0.003 -31"><span class='ocrx_word' id='word_1_288' title='bbox 654 4545 745 4620; x_wconf 90' lang='lat' dir='ltr'><strong>V.</strong></span> <span class='ocrx_word' id='word_1_289' title='bbox 802 4552 921 4635; x_wconf 62' lang='grc'><strong>47,</strong></span> <span class='ocrx_word' id='word_1_290' title='bbox 1026 4545 1261 4637; x_wconf 87' lang='lat' dir='ltr'><strong>Saepe</strong></span> <span class='ocrx_word' id='word_1_291' title='bbox 1314 4544 1696 4637; x_wconf 82' lang='lat' dir='ltr'><strong>peragravi</strong></span> <span class='ocrx_word' id='word_1_292' title='bbox 1753 4541 2020 4614; x_wconf 80' lang='lat' dir='ltr'><strong>vallem</strong></span> <span class='ocrx_word' id='word_1_293' title='bbox 2069 4544 2483 4634; x_wconf 73' lang='lat' dir='ltr'><strong>desertam,</strong></span> <span class='ocrx_word' id='word_1_294' title='bbox 2579 4543 2896 4617; x_wconf 80' lang='lat' dir='ltr'><strong>similem</strong></span> <span class='ocrx_word' id='word_1_295' title='bbox 2959 4551 3203 4620; x_wconf 82' lang='lat' dir='ltr'><strong>ventri</strong></span> <span class='ocrx_word' id='word_1_296' title='bbox 3293 4552 3617 4644; x_wconf 76' lang='lat' dir='ltr'><strong>asinino,</strong></span> <span class='ocrx_word' id='word_1_297' title='bbox 3698 4556 3775 4624; x_wconf 89' lang='lat' dir='ltr'><strong>in</strong></span> <span class='ocrx_word' id='word_1_298' title='bbox 3841 4581 3991 4650; x_wconf 87' lang='lat' dir='ltr'><strong>qua</strong></span> <span class='ocrx_word' id='word_1_299' title='bbox 4061 4558 4232 4630; x_wconf 86' lang='lat' dir='ltr'><strong>ulu-</strong></span> 
     </span>
     <span class='ocr_line' id='line_1_33' title="bbox 999 4666 3271 4761; baseline 0.002 -26"><span class='ocrx_word' id='word_1_300' title='bbox 999 4666 1196 4735; x_wconf 85' lang='lat' dir='ltr'><strong>labat</strong></span> <span class='ocrx_word' id='word_1_301' title='bbox 1260 4668 1473 4761; x_wconf 83' lang='lat' dir='ltr'><strong>lupus</strong></span> <span class='ocrx_word' id='word_1_302' title='bbox 1502 4719 1523 4757; x_wconf 94' lang='lat'><strong>,</strong></span> <span class='ocrx_word' id='word_1_303' title='bbox 1583 4678 1666 4735; x_wconf 90' lang='lat' dir='ltr'><strong>ut</strong></span> <span class='ocrx_word' id='word_1_304' title='bbox 1715 4668 2091 4757; x_wconf 86' lang='lat' dir='ltr'><strong>decoctor,</strong></span> <span class='ocrx_word' id='word_1_305' title='bbox 2146 4690 2543 4740; x_wconf 83' lang='lat' dir='ltr'><strong>numerosa</strong></span> <span class='ocrx_word' id='word_1_306' title='bbox 2591 4685 2930 4760; x_wconf 75' lang='lat' dir='ltr'><strong>gravatus</strong></span> <span class='ocrx_word' id='word_1_307' title='bbox 2979 4669 3271 4743; x_wconf 81' lang='lat' dir='ltr'><strong>familia.</strong></span> 
     </span>
     <span class='ocr_line' id='line_1_34' title="bbox 654 4789 4234 4896; baseline 0.006 -40"><span class='ocrx_word' id='word_1_308' title='bbox 654 4790 746 4868; x_wconf 88' lang='lat' dir='ltr'><strong>V.</strong></span> <span class='ocrx_word' id='word_1_309' title='bbox 800 4795 913 4872; x_wconf 67' lang='lat'><strong>48.</strong></span> <span class='ocrx_word' id='word_1_310' title='bbox 1016 4791 1196 4866; x_wconf 81' lang='lat' dir='ltr'><strong>Dixi</strong></span> <span class='ocrx_word' id='word_1_311' title='bbox 1250 4792 1318 4860; x_wconf 90' lang='lat' dir='ltr'><strong>ei</strong></span> <span class='ocrx_word' id='word_1_312' title='bbox 1370 4790 1540 4862; x_wconf 83' lang='lat' dir='ltr'><strong>ciun</strong></span> <span class='ocrx_word' id='word_1_313' title='bbox 1602 4791 1957 4868; x_wconf 80' lang='lat' dir='ltr'><strong>ulularet:</strong></span> <span class='ocrx_word' id='word_1_314' title='bbox 2032 4789 2287 4866; x_wconf 79' lang='lat' dir='ltr'><strong>fructu</strong></span> <span class='ocrx_word' id='word_1_315' title='bbox 2352 4794 2616 4887; x_wconf 77' lang='lat' dir='ltr'><strong>exiguo</strong></span> <span class='ocrx_word' id='word_1_316' title='bbox 2691 4804 2803 4863; x_wconf 77' lang='lat' dir='ltr'><strong>est</strong></span> <span class='ocrx_word' id='word_1_317' title='bbox 2871 4801 3246 4891; x_wconf 85' lang='lat' dir='ltr'><strong>negotium</strong></span> <span class='ocrx_word' id='word_1_318' title='bbox 3316 4814 3652 4874; x_wconf 76' lang='lat' dir='ltr'><strong>nostrum</strong></span> <span class='ocrx_word' id='word_1_319' title='bbox 3681 4855 3703 4896; x_wconf 90' lang='lat'><strong>,</strong></span> <span class='ocrx_word' id='word_1_320' title='bbox 3775 4808 3841 4877; x_wconf 78' lang='lat' dir='ltr'><strong>ai</strong></span> <span class='ocrx_word' id='word_1_321' title='bbox 3905 4818 3987 4876; x_wconf 90' lang='lat' dir='ltr'><strong>tu</strong></span> <span class='ocrx_word' id='word_1_322' title='bbox 4049 4805 4234 4876; x_wconf 85' lang='lat' dir='ltr'><strong>nihil</strong></span> 
     </span>
     <span class='ocr_line' id='line_1_35' title="bbox 986 4901 3664 5020; baseline -0.002 -34"><span class='ocrx_word' id='word_1_323' title='bbox 986 4939 1226 5020; x_wconf 32' lang='lat' dir='ltr'><strong>‘opum</strong></span> <span class='ocrx_word' id='word_1_324' title='bbox 1280 4914 1523 4995; x_wconf 80' lang='lat' dir='ltr'><strong>habea.</strong></span> <span class='ocrx_word' id='word_1_325' title='bbox 3649 4901 3664 4918; x_wconf 59' lang='lat'>⁸</span> 
     </span>
     <span class='ocr_line' id='line_1_36' title="bbox 657 5037 4243 5155; baseline 0.006 -44"><span class='ocrx_word' id='word_1_326' title='bbox 657 5037 748 5112; x_wconf 88' lang='lat' dir='ltr'><strong>V.</strong></span> <span class='ocrx_word' id='word_1_327' title='bbox 802 5047 920 5136; x_wconf 80' lang='lat'><strong>49.</strong></span> <span class='ocrx_word' id='word_1_328' title='bbox 1028 5037 1364 5131; x_wconf 81' lang='lat' dir='ltr'><strong>Uterque</strong></span> <span class='ocrx_word' id='word_1_329' title='bbox 1415 5050 1779 5127; x_wconf 83' lang='lat' dir='ltr'><strong>nostrum,</strong></span> <span class='ocrx_word' id='word_1_330' title='bbox 1833 5039 1894 5109; x_wconf 77' lang='lat' dir='ltr'><strong>ai</strong></span> <span class='ocrx_word' id='word_1_331' title='bbox 1945 5037 2245 5134; x_wconf 82' lang='lat' dir='ltr'><strong>potitur·</strong></span> <span class='ocrx_word' id='word_1_332' title='bbox 2284 5062 2366 5114; x_wconf 80' lang='lat' dir='ltr'><strong>re</strong></span> <span class='ocrx_word' id='word_1_333' title='bbox 2422 5039 2693 5134; x_wconf 86' lang='lat' dir='ltr'><strong>aliqua,</strong></span> <span class='ocrx_word' id='word_1_334' title='bbox 2751 5047 3115 5117; x_wconf 79' lang='lat' dir='ltr'><strong>consumit</strong></span> <span class='ocrx_word' id='word_1_335' title='bbox 3178 5073 3340 5121; x_wconf 86' lang='lat' dir='ltr'><strong>eam</strong></span> <span class='ocrx_word' id='word_1_336' title='bbox 3399 5062 3478 5122; x_wconf 88' lang='lat' dir='ltr'><strong>et</strong></span> <span class='ocrx_word' id='word_1_337' title='bbox 3537 5055 3661 5149; x_wconf 81' lang='lat' dir='ltr'><strong>qui</strong></span> <span class='ocrx_word' id='word_1_338' title='bbox 3713 5057 3896 5128; x_wconf 86' lang='lat' dir='ltr'><strong>mihi</strong></span> <span class='ocrx_word' id='word_1_339' title='bbox 3960 5060 4243 5155; x_wconf 81' lang='lat' dir='ltr'><strong>tibique</strong></span> 
     </span>
     <span class='ocr_line' id='line_1_37' title="bbox 1009 5160 2507 5253; baseline 0.003 -22"><span class='ocrx_word' id='word_1_340' title='bbox 1009 5160 1249 5231; x_wconf 81' lang='lat' dir='ltr'><strong>officia</strong></span> <span class='ocrx_word' id='word_1_341' title='bbox 1299 5184 1428 5231; x_wconf 77' lang='lat' dir='ltr'><strong>sua</strong></span> <span class='ocrx_word' id='word_1_342' title='bbox 1479 5173 1887 5253; x_wconf 80' lang='lat' dir='ltr'><strong>consecrat,</strong></span> <span class='ocrx_word' id='word_1_343' title='bbox 1945 5186 2192 5235; x_wconf 90' lang='lat' dir='ltr'><strong>macer</strong></span> <span class='ocrx_word' id='word_1_344' title='bbox 2241 5163 2507 5238; x_wconf 79' lang='lat' dir='ltr'><strong>evadit.</strong></span> 
     </span>
    </p>
   </div>
  </div>
 </body>
</html>
