<?xml version="1.0" encoding="UTF-8"?>
<!DOCTYPE html PUBLIC "-//W3C//DTD XHTML 1.0 Transitional//EN"
    "http://www.w3.org/TR/xhtml1/DTD/xhtml1-transitional.dtd">
<html xmlns="http://www.w3.org/1999/xhtml" xml:lang="en" lang="en">
 <head>
  <title>
</title>
<meta http-equiv="Content-Type" content="text/html;charset=utf-8" />
  <meta name='ocr-system' content='tesseract 3.04.00' />
  <meta name='ocr-capabilities' content='ocr_page ocr_carea ocr_par ocr_line ocrx_word'/>
</head>
<body>
  <div class='ocr_page' id='page_1' title='image "./amrulkeisimoall00zayngoog_0007.png"; bbox 0 0 4659 5900; ppageno 0'>
   <div class='ocr_carea' id='block_1_1' title="bbox 1 1504 38 1806">
    <p class='ocr_par' dir='ltr' id='par_1_1' title="bbox 1 1504 38 1806">
     <span class='ocr_line' id='line_1_1' title="bbox 1 1504 38 1806; textangle 90"><span class='ocrx_word' id='word_1_1' title='bbox 1 1797 4 1806; x_wconf 85' lang='grc'><em>“</em></span> <span class='ocrx_word' id='word_1_2' title='bbox 1 1504 38 1668; x_wconf 58' lang='lat' dir='ltr'><strong>Ui*</strong></span> 
     </span>
    </p>
   </div>
   <div class='ocr_carea' id='block_1_2' title="bbox 1453 1337 3080 1469">
    <p class='ocr_par' dir='ltr' id='par_1_2' title="bbox 1453 1337 3080 1469">
     <span class='ocr_line' id='line_1_2' title="bbox 1453 1337 3080 1469; baseline -0.001 -47"><span class='ocrx_word' id='word_1_3' title='bbox 1453 1337 3080 1469; x_wconf 55' lang='lat' dir='ltr'><strong>PRAEFATIO.</strong></span> 
     </span>
    </p>
   </div>
   <div class='ocr_carea' id='block_1_3' title="bbox 480 1944 4055 2603">
    <p class='ocr_par' dir='ltr' id='par_1_3' title="bbox 480 1944 4055 2603">
     <span class='ocr_line' id='line_1_3' title="bbox 480 1944 4051 2110; baseline 0.002 -36"><span class='ocrx_word' id='word_1_4' title='bbox 480 1944 1010 2084; x_wconf 79' lang='lat' dir='ltr'><strong>praefationis</strong></span> <span class='ocrx_word' id='word_1_5' title='bbox 1058 2011 1224 2084; x_wconf 87' lang='lat' dir='ltr'><strong>loco</strong></span> <span class='ocrx_word' id='word_1_6' title='bbox 1276 2015 1630 2109; x_wconf 87' lang='lat' dir='ltr'><strong>quaedam</strong></span> <span class='ocrx_word' id='word_1_7' title='bbox 1681 2014 1913 2087; x_wconf 85' lang='lat' dir='ltr'><strong>dicam</strong></span> <span class='ocrx_word' id='word_1_8' title='bbox 1989 2017 2081 2087; x_wconf 89' lang='lat' dir='ltr'><strong>de</strong></span> <span class='ocrx_word' id='word_1_9' title='bbox 2132 2019 2509 2091; x_wconf 76' lang='lat' dir='ltr'><strong>occasione</strong></span> <span class='ocrx_word' id='word_1_10' title='bbox 2529 2067 2550 2106; x_wconf 90' lang='lat'>,</span> <span class='ocrx_word' id='word_1_11' title='bbox 2604 2038 2789 2110; x_wconf 91' lang='lat' dir='ltr'><strong>quae</strong></span> <span class='ocrx_word' id='word_1_12' title='bbox 2855 2018 3036 2091; x_wconf 88' lang='lat' dir='ltr'><strong>mihi</strong></span> <span class='ocrx_word' id='word_1_13' title='bbox 3085 2027 3248 2087; x_wconf 89' lang='lat' dir='ltr'><strong>erat</strong></span> <span class='ocrx_word' id='word_1_14' title='bbox 3313 2035 3549 2094; x_wconf 76' lang='lat' dir='ltr'><strong>novae</strong></span> <span class='ocrx_word' id='word_1_15' title='bbox 3611 2010 3826 2105; x_wconf 84' lang='lat' dir='ltr'><strong>hujus</strong></span> <span class='ocrx_word' id='word_1_16' title='bbox 3875 2032 4051 2083; x_wconf 84' lang='lat' dir='ltr'><strong>car-</strong></span> 
     </span>
     <span class='ocr_line' id='line_1_4' title="bbox 481 2135 4055 2215; baseline 0.001 -7"><span class='ocrx_word' id='word_1_17' title='bbox 481 2137 703 2208; x_wconf 87' lang='lat' dir='ltr'><strong>minis</strong></span> <span class='ocrx_word' id='word_1_18' title='bbox 773 2135 1341 2209; x_wconf 86' lang='lat' dir='ltr'><strong>Amrulkeisiani</strong></span> <span class='ocrx_word' id='word_1_19' title='bbox 1402 2139 1744 2209; x_wconf 74' lang='lat' dir='ltr'><strong>editionis</strong></span> <span class='ocrx_word' id='word_1_20' title='bbox 1805 2142 2293 2215; x_wconf 88' lang='lat' dir='ltr'><strong>adornandae.</strong></span> <span class='ocrx_word' id='word_1_21' title='bbox 2401 2140 2592 2212; x_wconf 89' lang='lat' dir='ltr'><strong>Cum</strong></span> <span class='ocrx_word' id='word_1_22' title='bbox 2657 2140 3041 2215; x_wconf 80' lang='lat' dir='ltr'><strong>certamini</strong></span> <span class='ocrx_word' id='word_1_23' title='bbox 3103 2140 3467 2215; x_wconf 79' lang='lat' dir='ltr'><strong>litterario</strong></span> <span class='ocrx_word' id='word_1_24' title='bbox 3532 2140 3608 2210; x_wconf 91' lang='lat' dir='ltr'><strong>in</strong></span> <span class='ocrx_word' id='word_1_25' title='bbox 3658 2138 4055 2214; x_wconf 76' lang='lat' dir='ltr'><strong>Academia</strong></span> 
     </span>
     <span class='ocr_line' id='line_1_5' title="bbox 488 2256 4054 2356; baseline 0.001 -26"><span class='ocrx_word' id='word_1_26' title='bbox 488 2258 881 2330; x_wconf 87' lang='lat' dir='ltr'><strong>Borussica</strong></span> <span class='ocrx_word' id='word_1_27' title='bbox 931 2258 1289 2330; x_wconf 86' lang='lat' dir='ltr'><strong>Rhenana</strong></span> <span class='ocrx_word' id='word_1_28' title='bbox 1364 2256 1457 2330; x_wconf 88' lang='lat' dir='ltr'><strong>ab</strong></span> <span class='ocrx_word' id='word_1_29' title='bbox 1516 2259 1785 2330; x_wconf 77' lang='lat' dir='ltr'><strong>illustri</strong></span> <span class='ocrx_word' id='word_1_30' title='bbox 1846 2260 2473 2354; x_wconf 73' lang='lat' dir='ltr'><strong>Philosophorum</strong></span> <span class='ocrx_word' id='word_1_31' title='bbox 2541 2263 2799 2334; x_wconf 84' lang='lat' dir='ltr'><strong>ordine</strong></span> <span class='ocrx_word' id='word_1_32' title='bbox 2868 2266 3065 2335; x_wconf 89' lang='lat' dir='ltr'><strong>inter</strong></span> <span class='ocrx_word' id='word_1_33' title='bbox 3133 2264 3275 2335; x_wconf 89' lang='lat' dir='ltr'><strong>alia</strong></span> <span class='ocrx_word' id='word_1_34' title='bbox 3339 2276 3771 2356; x_wconf 85' lang='lat' dir='ltr'><strong>argumenta</strong></span> <span class='ocrx_word' id='word_1_35' title='bbox 3833 2264 4054 2334; x_wconf 90' lang='lat' dir='ltr'><strong>etiam</strong></span> 
     </span>
     <span class='ocr_line' id='line_1_6' title="bbox 489 2382 4052 2480; baseline 0 -26"><span class='ocrx_word' id='word_1_36' title='bbox 489 2384 633 2455; x_wconf 91' lang='lat' dir='ltr'><strong>hoc</strong></span> <span class='ocrx_word' id='word_1_37' title='bbox 683 2394 1261 2478; x_wconf 82' lang='lat' dir='ltr'><strong>proponeretur:</strong></span> <span class='ocrx_word' id='word_1_38' title='bbox 1366 2382 1872 2476; x_wconf 83' lang='lat' dir='ltr'><strong>„Amrulkeisi</strong></span> <span class='ocrx_word' id='word_1_39' title='bbox 1941 2408 2240 2460; x_wconf 87' lang='lat' dir='ltr'><strong>carmen</strong></span> <span class='ocrx_word' id='word_1_40' title='bbox 2288 2385 2688 2458; x_wconf 83' lang='lat' dir='ltr'><strong>Arabicum</strong></span> <span class='ocrx_word' id='word_1_41' title='bbox 2741 2384 3145 2456; x_wconf 83' lang='lat' dir='ltr'><strong>Moallakat</strong></span> <span class='ocrx_word' id='word_1_42' title='bbox 3192 2384 3634 2480; x_wconf 87' lang='lat' dir='ltr'><strong>appellatum</strong></span> <span class='ocrx_word' id='word_1_43' title='bbox 3683 2410 3781 2457; x_wconf 79' lang='lat' dir='ltr'><strong>ex</strong></span> <span class='ocrx_word' id='word_1_44' title='bbox 3842 2384 4052 2457; x_wconf 85' lang='lat' dir='ltr'><strong>codd.</strong></span> 
     </span>
     <span class='ocr_line' id='line_1_7' title="bbox 487 2506 4054 2603; baseline 0.001 -26"><span class='ocrx_word' id='word_1_45' title='bbox 487 2506 1022 2579; x_wconf 80' lang='lat' dir='ltr'><strong>Parisiensibus</strong></span> <span class='ocrx_word' id='word_1_46' title='bbox 1086 2529 1255 2577; x_wconf 87' lang='lat' dir='ltr'><strong>cum</strong></span> <span class='ocrx_word' id='word_1_47' title='bbox 1302 2506 1598 2579; x_wconf 87' lang='lat' dir='ltr'><strong>scholiis</strong></span> <span class='ocrx_word' id='word_1_48' title='bbox 1652 2509 1954 2580; x_wconf 82' lang='lat' dir='ltr'><strong>Zuzenii</strong></span> <span class='ocrx_word' id='word_1_49' title='bbox 2005 2508 2464 2603; x_wconf 86' lang='lat' dir='ltr'><strong>grammatici</strong></span> <span class='ocrx_word' id='word_1_50' title='bbox 2510 2508 2912 2578; x_wconf 90' lang='lat' dir='ltr'><strong>secundum</strong></span> <span class='ocrx_word' id='word_1_51' title='bbox 2976 2506 3171 2601; x_wconf 88' lang='lat' dir='ltr'><strong>leges</strong></span> <span class='ocrx_word' id='word_1_52' title='bbox 3222 2507 3405 2577; x_wconf 88' lang='lat' dir='ltr'><strong>artis</strong></span> <span class='ocrx_word' id='word_1_53' title='bbox 3466 2507 3811 2601; x_wconf 87' lang='lat' dir='ltr'><strong>criticae,</strong></span> <span class='ocrx_word' id='word_1_54' title='bbox 3885 2530 4054 2579; x_wconf 87' lang='lat' dir='ltr'><strong>me-</strong></span> 
     </span>
    </p>
   </div>
   <div class='ocr_carea' id='block_1_4' title="bbox 414 2616 4052 2727">
    <p class='ocr_par' dir='ltr' id='par_1_4' title="bbox 414 2616 4052 2727">
     <span class='ocr_line' id='line_1_8' title="bbox 414 2616 4052 2727; baseline 0.001 -28"><span class='ocrx_word' id='word_1_55' title='bbox 414 2616 431 2633; x_wconf 78' lang='grc'><em>“</em></span> <span class='ocrx_word' id='word_1_56' title='bbox 485 2631 715 2700; x_wconf 85' lang='lat' dir='ltr'><strong>tricae</strong></span> <span class='ocrx_word' id='word_1_57' title='bbox 768 2638 844 2700; x_wconf 88' lang='lat' dir='ltr'><strong>et</strong></span> <span class='ocrx_word' id='word_1_58' title='bbox 890 2628 1409 2723; x_wconf 82' lang='lat' dir='ltr'><strong>grammaticae</strong></span> <span class='ocrx_word' id='word_1_59' title='bbox 1458 2627 1932 2702; x_wconf 86' lang='lat' dir='ltr'><strong>illustretur“</strong></span> <span class='ocrx_word' id='word_1_60' title='bbox 1985 2631 2233 2702; x_wconf 85' lang='lat' dir='ltr'><strong>statim</strong></span> <span class='ocrx_word' id='word_1_61' title='bbox 2279 2656 2572 2704; x_wconf 86' lang='lat' dir='ltr'><strong>mecum</strong></span> <span class='ocrx_word' id='word_1_62' title='bbox 2615 2633 3000 2722; x_wconf 87' lang='lat' dir='ltr'><strong>constitui,</strong></span> <span class='ocrx_word' id='word_1_63' title='bbox 3054 2633 3132 2701; x_wconf 91' lang='lat' dir='ltr'><strong>in</strong></span> <span class='ocrx_word' id='word_1_64' title='bbox 3181 2630 3326 2703; x_wconf 91' lang='lat' dir='ltr'><strong>hoc</strong></span> <span class='ocrx_word' id='word_1_65' title='bbox 3390 2631 3646 2703; x_wconf 91' lang='lat' dir='ltr'><strong>labore</strong></span> <span class='ocrx_word' id='word_1_66' title='bbox 3697 2634 4052 2727; x_wconf 80' lang='lat' dir='ltr'><strong>experiri,</strong></span> 
     </span>
    </p>
   </div>
   <div class='ocr_carea' id='block_1_5' title="bbox 476 2752 4058 3469">
    <p class='ocr_par' dir='ltr' id='par_1_5' title="bbox 476 2752 4058 3469">
     <span class='ocr_line' id='line_1_9' title="bbox 489 2752 4052 2847; baseline 0.001 -24"><span class='ocrx_word' id='word_1_67' title='bbox 489 2754 667 2847; x_wconf 89' lang='lat' dir='ltr'><strong>quid</strong></span> <span class='ocrx_word' id='word_1_68' title='bbox 716 2755 794 2825; x_wconf 90' lang='lat' dir='ltr'><strong>in</strong></span> <span class='ocrx_word' id='word_1_69' title='bbox 840 2752 954 2823; x_wconf 88' lang='lat' dir='ltr'><strong>his</strong></span> <span class='ocrx_word' id='word_1_70' title='bbox 1004 2752 1274 2826; x_wconf 85' lang='lat' dir='ltr'><strong>litteris</strong></span> <span class='ocrx_word' id='word_1_71' title='bbox 1323 2752 1672 2829; x_wconf 78' lang='lat' dir='ltr'><strong>valerem.</strong></span> <span class='ocrx_word' id='word_1_72' title='bbox 1774 2754 2075 2827; x_wconf 84' lang='lat' dir='ltr'><strong>Etenim</strong></span> <span class='ocrx_word' id='word_1_73' title='bbox 2127 2781 2296 2829; x_wconf 90' lang='lat' dir='ltr'><strong>cum</strong></span> <span class='ocrx_word' id='word_1_74' title='bbox 2348 2770 2518 2830; x_wconf 92' lang='lat' dir='ltr'><strong>ante</strong></span> <span class='ocrx_word' id='word_1_75' title='bbox 2572 2758 2707 2827; x_wconf 88' lang='lat' dir='ltr'><strong>hos</strong></span> <span class='ocrx_word' id='word_1_76' title='bbox 2772 2767 2924 2827; x_wconf 88' lang='lat' dir='ltr'><strong>tres</strong></span> <span class='ocrx_word' id='word_1_77' title='bbox 2988 2774 3215 2828; x_wconf 85' lang='lat' dir='ltr'><strong>annos</strong></span> <span class='ocrx_word' id='word_1_78' title='bbox 3281 2755 3359 2824; x_wconf 91' lang='lat' dir='ltr'><strong>in</strong></span> <span class='ocrx_word' id='word_1_79' title='bbox 3429 2756 3696 2827; x_wconf 85' lang='lat' dir='ltr'><strong>almam</strong></span> <span class='ocrx_word' id='word_1_80' title='bbox 3745 2756 4052 2829; x_wconf 85' lang='lat' dir='ltr'><strong>Rhena-</strong></span> 
     </span>
     <span class='ocr_line' id='line_1_10' title="bbox 481 2877 4058 2979; baseline 0.001 -28"><span class='ocrx_word' id='word_1_81' title='bbox 481 2896 655 2951; x_wconf 83' lang='lat' dir='ltr'><strong>nam</strong></span> <span class='ocrx_word' id='word_1_82' title='bbox 728 2877 1012 2950; x_wconf 86' lang='lat' dir='ltr'><strong>delatus</strong></span> <span class='ocrx_word' id='word_1_83' title='bbox 1084 2900 1316 2950; x_wconf 85' lang='lat' dir='ltr'><strong>essem</strong></span> <span class='ocrx_word' id='word_1_84' title='bbox 1343 2930 1364 2968; x_wconf 89' lang='lat'>‚</span> <span class='ocrx_word' id='word_1_85' title='bbox 1430 2880 1677 2950; x_wconf 86' lang='lat' dir='ltr'><strong>statim</strong></span> <span class='ocrx_word' id='word_1_86' title='bbox 1741 2878 1878 2948; x_wconf 87' lang='lat' dir='ltr'><strong>sub</strong></span> <span class='ocrx_word' id='word_1_87' title='bbox 1944 2879 2283 2974; x_wconf 74' lang='lat' dir='ltr'><strong>auspiciis</strong></span> <span class='ocrx_word' id='word_1_88' title='bbox 2356 2882 2468 2954; x_wconf 88' lang='grc'><strong>01.</strong></span> <span class='ocrx_word' id='word_1_89' title='bbox 2535 2880 2908 2977; x_wconf 86' lang='lat' dir='ltr'><strong>Freytagii</strong></span> <span class='ocrx_word' id='word_1_90' title='bbox 2931 2934 2953 2970; x_wconf 88' lang='lat'>‚</span> <span class='ocrx_word' id='word_1_91' title='bbox 3023 2883 3520 2974; x_wconf 88' lang='lat' dir='ltr'><strong>praeceptoris</strong></span> <span class='ocrx_word' id='word_1_92' title='bbox 3579 2882 3703 2976; x_wconf 89' lang='lat' dir='ltr'><strong>pia</strong></span> <span class='ocrx_word' id='word_1_93' title='bbox 3765 2904 4058 2979; x_wconf 79' lang='lat' dir='ltr'><strong>semper</strong></span> 
     </span>
     <span class='ocr_line' id='line_1_11' title="bbox 479 3000 4054 3099; baseline -0 -22"><span class='ocrx_word' id='word_1_94' title='bbox 479 3015 725 3078; x_wconf 85' lang='lat' dir='ltr'><strong>mente</strong></span> <span class='ocrx_word' id='word_1_95' title='bbox 775 3001 1062 3075; x_wconf 89' lang='lat' dir='ltr'><strong>colendi</strong></span> <span class='ocrx_word' id='word_1_96' title='bbox 1085 3056 1108 3093; x_wconf 91' lang='lat'>‚</span> <span class='ocrx_word' id='word_1_97' title='bbox 1163 3003 1453 3097; x_wconf 86' lang='lat' dir='ltr'><strong>linguae</strong></span> <span class='ocrx_word' id='word_1_98' title='bbox 1504 3002 1873 3075; x_wconf 86' lang='lat' dir='ltr'><strong>Arabicae·</strong></span> <span class='ocrx_word' id='word_1_99' title='bbox 1911 3003 2397 3078; x_wconf 79' lang='lat' dir='ltr'><strong>addiscendae</strong></span> <span class='ocrx_word' id='word_1_100' title='bbox 2463 3025 2766 3098; x_wconf 84' lang='lat' dir='ltr'><strong>operam</strong></span> <span class='ocrx_word' id='word_1_101' title='bbox 2818 3003 2988 3073; x_wconf 88' lang='lat' dir='ltr'><strong>dedi</strong></span> <span class='ocrx_word' id='word_1_102' title='bbox 3008 3054 3031 3093; x_wconf 85' lang='lat'>‚</span> <span class='ocrx_word' id='word_1_103' title='bbox 3099 3000 3513 3095; x_wconf 84' lang='lat' dir='ltr'><strong>intelligens</strong></span> <span class='ocrx_word' id='word_1_104' title='bbox 3576 3005 3845 3099; x_wconf 89' lang='lat' dir='ltr'><strong>quippe</strong></span> <span class='ocrx_word' id='word_1_105' title='bbox 3895 3007 4054 3076; x_wconf 86' lang='lat' dir='ltr'><strong>sine</strong></span> 
     </span>
     <span class='ocr_line' id='line_1_12' title="bbox 476 3125 4055 3222; baseline 0.001 -26"><span class='ocrx_word' id='word_1_106' title='bbox 476 3126 674 3197; x_wconf 89' lang='lat' dir='ltr'><strong>illius</strong></span> <span class='ocrx_word' id='word_1_107' title='bbox 750 3126 1037 3220; x_wconf 87' lang='lat' dir='ltr'><strong>linguae</strong></span> <span class='ocrx_word' id='word_1_108' title='bbox 1095 3128 1511 3218; x_wconf 86' lang='lat' dir='ltr'><strong>cognitione</strong></span> <span class='ocrx_word' id='word_1_109' title='bbox 1586 3150 1708 3197; x_wconf 89' lang='lat' dir='ltr'><strong>me</strong></span> <span class='ocrx_word' id='word_1_110' title='bbox 1774 3151 1924 3198; x_wconf 88' lang='lat' dir='ltr'><strong>non</strong></span> <span class='ocrx_word' id='word_1_111' title='bbox 1990 3127 2300 3198; x_wconf 88' lang='lat' dir='ltr'><strong>interius</strong></span> <span class='ocrx_word' id='word_1_112' title='bbox 2373 3138 2764 3222; x_wconf 85' lang='lat' dir='ltr'><strong>penetrare</strong></span> <span class='ocrx_word' id='word_1_113' title='bbox 2838 3149 3048 3221; x_wconf 86' lang='lat' dir='ltr'><strong>posse</strong></span> <span class='ocrx_word' id='word_1_114' title='bbox 3145 3129 3222 3196; x_wconf 91' lang='lat' dir='ltr'><strong>in</strong></span> <span class='ocrx_word' id='word_1_115' title='bbox 3292 3125 3584 3219; x_wconf 86' lang='lat' dir='ltr'><strong>linguae</strong></span> <span class='ocrx_word' id='word_1_116' title='bbox 3635 3126 4055 3199; x_wconf 87' lang='lat' dir='ltr'><strong>Hebraicae</strong></span> 
     </span>
     <span class='ocr_line' id='line_1_13' title="bbox 483 3247 4055 3341; baseline 0.001 -22"><span class='ocrx_word' id='word_1_117' title='bbox 483 3249 971 3320; x_wconf 84' lang='lat' dir='ltr'><strong>amatissimae</strong></span> <span class='ocrx_word' id='word_1_118' title='bbox 1022 3259 1379 3320; x_wconf 87' lang='lat' dir='ltr'><strong>naturam.</strong></span> <span class='ocrx_word' id='word_1_119' title='bbox 1496 3247 1695 3337; x_wconf 87' lang='lat' dir='ltr'><strong>Qum</strong></span> <span class='ocrx_word' id='word_1_120' title='bbox 1748 3248 2012 3340; x_wconf 86' lang='lat' dir='ltr'><strong>igitur,</strong></span> <span class='ocrx_word' id='word_1_121' title='bbox 2082 3250 2518 3320; x_wconf 81' lang='lat' dir='ltr'><strong>incumbens</strong></span> <span class='ocrx_word' id='word_1_122' title='bbox 2585 3248 2877 3341; x_wconf 83' lang='lat' dir='ltr'><strong>linguae</strong></span> <span class='ocrx_word' id='word_1_123' title='bbox 2945 3249 3346 3318; x_wconf 83' lang='lat' dir='ltr'><strong>ditissimae</strong></span> <span class='ocrx_word' id='word_1_124' title='bbox 3437 3260 3511 3318; x_wconf 92' lang='lat' dir='ltr'><strong>et</strong></span> <span class='ocrx_word' id='word_1_125' title='bbox 3582 3247 4055 3321; x_wconf 84' lang='lat' dir='ltr'><strong>difficillimae</strong></span> 
     </span>
     <span class='ocr_line' id='line_1_14' title="bbox 480 3371 4054 3469; baseline -0 -24"><span class='ocrx_word' id='word_1_126' title='bbox 480 3374 724 3446; x_wconf 87' lang='lat' dir='ltr'><strong>studio</strong></span> <span class='ocrx_word' id='word_1_127' title='bbox 773 3372 1087 3443; x_wconf 88' lang='lat' dir='ltr'><strong>multum</strong></span> <span class='ocrx_word' id='word_1_128' title='bbox 1137 3372 1490 3466; x_wconf 87' lang='lat' dir='ltr'><strong>temporis</strong></span> <span class='ocrx_word' id='word_1_129' title='bbox 1541 3382 1617 3463; x_wconf 80' lang='lat' dir='ltr'><strong>et</strong></span> <span class='ocrx_word' id='word_1_130' title='bbox 1670 3394 1934 3466; x_wconf 89' lang='lat' dir='ltr'><strong>operae</strong></span> <span class='ocrx_word' id='word_1_131' title='bbox 1986 3372 2055 3441; x_wconf 91' lang='lat' dir='ltr'><strong>ei</strong></span> <span class='ocrx_word' id='word_1_132' title='bbox 2107 3394 2647 3445; x_wconf 86' lang='lat' dir='ltr'><strong>consecrassem</strong></span> <span class='ocrx_word' id='word_1_133' title='bbox 2676 3426 2699 3463; x_wconf 91' lang='lat'>‚</span> <span class='ocrx_word' id='word_1_134' title='bbox 2771 3373 3116 3466; x_wconf 82' lang='lat' dir='ltr'><strong>putabam</strong></span> <span class='ocrx_word' id='word_1_135' title='bbox 3165 3396 3285 3442; x_wconf 88' lang='lat' dir='ltr'><strong>me</strong></span> <span class='ocrx_word' id='word_1_136' title='bbox 3334 3371 3645 3444; x_wconf 82' lang='lat' dir='ltr'><strong>fortasse</strong></span> <span class='ocrx_word' id='word_1_137' title='bbox 3699 3375 3774 3446; x_wconf 88' lang='lat' dir='ltr'><strong>in</strong></span> <span class='ocrx_word' id='word_1_138' title='bbox 3825 3397 4054 3469; x_wconf 86' lang='lat' dir='ltr'><strong>argu-</strong></span> 
     </span>
    </p>
   </div>
   <div class='ocr_carea' id='block_1_6' title="bbox 480 3494 4169 3592">
    <p class='ocr_par' dir='ltr' id='par_1_6' title="bbox 480 3494 4169 3592">
     <span class='ocr_line' id='line_1_15' title="bbox 480 3494 4169 3592; baseline -0.002 -23"><span class='ocrx_word' id='word_1_139' title='bbox 480 3509 729 3569; x_wconf 86' lang='lat' dir='ltr'><strong>mento</strong></span> <span class='ocrx_word' id='word_1_140' title='bbox 765 3497 857 3567; x_wconf 90' lang='lat' dir='ltr'><strong>ab</strong></span> <span class='ocrx_word' id='word_1_141' title='bbox 885 3496 1157 3566; x_wconf 76' lang='lat' dir='ltr'><strong>illustri</strong></span> <span class='ocrx_word' id='word_1_142' title='bbox 1183 3494 1804 3590; x_wconf 81' lang='lat' dir='ltr'><strong>Philosophorum</strong></span> <span class='ocrx_word' id='word_1_143' title='bbox 1839 3496 2098 3566; x_wconf 88' lang='lat' dir='ltr'><strong>ordine</strong></span> <span class='ocrx_word' id='word_1_144' title='bbox 2134 3499 2514 3591; x_wconf 89' lang='lat' dir='ltr'><strong>proposito</strong></span> <span class='ocrx_word' id='word_1_145' title='bbox 2567 3494 2844 3591; x_wconf 86' lang='lat' dir='ltr'><strong>aliquid</strong></span> <span class='ocrx_word' id='word_1_146' title='bbox 2875 3496 3053 3566; x_wconf 90' lang='lat' dir='ltr'><strong>boni</strong></span> <span class='ocrx_word' id='word_1_147' title='bbox 3085 3507 3461 3590; x_wconf 88' lang='lat' dir='ltr'><strong>praestare</strong></span> <span class='ocrx_word' id='word_1_148' title='bbox 3512 3519 3750 3589; x_wconf 87' lang='lat' dir='ltr'><strong>posse,</strong></span> <span class='ocrx_word' id='word_1_149' title='bbox 3806 3521 4056 3592; x_wconf 89' lang='lat' dir='ltr'><strong>quam-</strong></span> <span class='ocrx_word' id='word_1_150' title='bbox 4151 3547 4169 3562; x_wconf 90' lang='lat'><strong>.</strong></span> 
     </span>
    </p>
   </div>
   <div class='ocr_carea' id='block_1_7' title="bbox 478 3617 4109 5193">
    <p class='ocr_par' dir='ltr' id='par_1_7' title="bbox 478 3617 4109 5193">
     <span class='ocr_line' id='line_1_16' title="bbox 478 3617 4052 3712; baseline 0 -18"><span class='ocrx_word' id='word_1_151' title='bbox 478 3625 591 3694; x_wconf 68' lang='lat' dir='ltr'><strong>vis</strong></span> <span class='ocrx_word' id='word_1_152' title='bbox 640 3622 830 3692; x_wconf 87' lang='lat' dir='ltr'><strong>bene</strong></span> <span class='ocrx_word' id='word_1_153' title='bbox 878 3622 1183 3712; x_wconf 87' lang='lat' dir='ltr'><strong>scirem,</strong></span> <span class='ocrx_word' id='word_1_154' title='bbox 1240 3623 1436 3693; x_wconf 79' lang='lat' dir='ltr'><strong>vires</strong></span> <span class='ocrx_word' id='word_1_155' title='bbox 1489 3643 1688 3690; x_wconf 88' lang='lat' dir='ltr'><strong>meas</strong></span> <span class='ocrx_word' id='word_1_156' title='bbox 1740 3643 1887 3690; x_wconf 90' lang='lat' dir='ltr'><strong>non</strong></span> <span class='ocrx_word' id='word_1_157' title='bbox 1938 3617 2279 3691; x_wconf 84' lang='lat' dir='ltr'><strong>sufficere</strong></span> <span class='ocrx_word' id='word_1_158' title='bbox 2331 3623 2424 3691; x_wconf 91' lang='lat' dir='ltr'><strong>ad</strong></span> <span class='ocrx_word' id='word_1_159' title='bbox 2474 3621 2819 3691; x_wconf 88' lang='lat' dir='ltr'><strong>carminis</strong></span> <span class='ocrx_word' id='word_1_160' title='bbox 2874 3621 3271 3692; x_wconf 87' lang='lat' dir='ltr'><strong>editionem</strong></span> <span class='ocrx_word' id='word_1_161' title='bbox 3325 3620 3661 3691; x_wconf 83' lang='lat' dir='ltr'><strong>omnibus</strong></span> <span class='ocrx_word' id='word_1_162' title='bbox 3725 3626 4052 3695; x_wconf 87' lang='lat' dir='ltr'><strong>numeris</strong></span> 
     </span>
     <span class='ocr_line' id='line_1_17' title="bbox 497 3742 4054 3821; baseline 0.001 -4"><span class='ocrx_word' id='word_1_163' title='bbox 497 3745 908 3819; x_wconf 85' lang='lat' dir='ltr'><strong>absolutam</strong></span> <span class='ocrx_word' id='word_1_164' title='bbox 957 3744 1479 3816; x_wconf 84' lang='lat' dir='ltr'><strong>adornandam.</strong></span> <span class='ocrx_word' id='word_1_165' title='bbox 1580 3742 1917 3813; x_wconf 86' lang='lat' dir='ltr'><strong>Primum</strong></span> <span class='ocrx_word' id='word_1_166' title='bbox 1970 3744 2151 3813; x_wconf 89' lang='lat' dir='ltr'><strong>mihi</strong></span> <span class='ocrx_word' id='word_1_167' title='bbox 2213 3743 2776 3815; x_wconf 88' lang='lat' dir='ltr'><strong>describendum</strong></span> <span class='ocrx_word' id='word_1_168' title='bbox 2809 3756 2969 3813; x_wconf 87' lang='lat' dir='ltr'><strong>erat</strong></span> <span class='ocrx_word' id='word_1_169' title='bbox 3032 3765 3329 3815; x_wconf 87' lang='lat' dir='ltr'><strong>carmen</strong></span> <span class='ocrx_word' id='word_1_170' title='bbox 3379 3767 3544 3812; x_wconf 88' lang='lat' dir='ltr'><strong>cum</strong></span> <span class='ocrx_word' id='word_1_171' title='bbox 3595 3745 3891 3816; x_wconf 87' lang='lat' dir='ltr'><strong>scholiis</strong></span> <span class='ocrx_word' id='word_1_172' title='bbox 3958 3769 4054 3821; x_wconf 79' lang='lat' dir='ltr'><strong>ex</strong></span> 
     </span>
     <span class='ocr_line' id='line_1_18' title="bbox 493 3862 4056 3962; baseline -0 -25"><span class='ocrx_word' id='word_1_173' title='bbox 493 3867 956 3962; x_wconf 80' lang='lat' dir='ltr'><strong>apographo,</strong></span> <span class='ocrx_word' id='word_1_174' title='bbox 1040 3868 1236 3961; x_wconf 92' lang='lat' dir='ltr'><strong>quod</strong></span> <span class='ocrx_word' id='word_1_175' title='bbox 1311 3875 1572 3958; x_wconf 82' lang='lat' dir='ltr'><strong>rogatu</strong></span> <span class='ocrx_word' id='word_1_176' title='bbox 1666 3863 1778 3934; x_wconf 90' lang='grc'><strong>01.</strong></span> <span class='ocrx_word' id='word_1_177' title='bbox 1853 3864 2215 3959; x_wconf 86' lang='lat' dir='ltr'><strong>Freytagii</strong></span> <span class='ocrx_word' id='word_1_178' title='bbox 2302 3888 2345 3933; x_wconf 89' lang='lat' dir='ltr'><strong>e</strong></span> <span class='ocrx_word' id='word_1_179' title='bbox 2413 3864 2570 3935; x_wconf 86' lang='lat' dir='ltr'><strong>cod.</strong></span> <span class='ocrx_word' id='word_1_180' title='bbox 2665 3863 3063 3934; x_wconf 87' lang='lat' dir='ltr'><strong>Parisiensi</strong></span> <span class='ocrx_word' id='word_1_181' title='bbox 3135 3865 3321 3951; x_wconf 82' lang='lat'>1416</span> <span class='ocrx_word' id='word_1_182' title='bbox 3392 3862 3920 3937; x_wconf 82' lang='lat' dir='ltr'><strong>officiosissime</strong></span> <span class='ocrx_word' id='word_1_183' title='bbox 3981 3880 4056 3936; x_wconf 87' lang='lat' dir='ltr'><strong>et</strong></span> 
     </span>
     <span class='ocr_line' id='line_1_19' title="bbox 494 3981 4109 4077; baseline -0.002 -15"><span class='ocrx_word' id='word_1_184' title='bbox 494 3992 1036 4062; x_wconf 76' lang='lat' dir='ltr'><strong>accuratissime</strong></span> <span class='ocrx_word' id='word_1_185' title='bbox 1088 3988 1505 4060; x_wconf 79' lang='lat' dir='ltr'><strong>confecerat</strong></span> <span class='ocrx_word' id='word_1_186' title='bbox 1550 3981 1661 4060; x_wconf 89' lang='grc'><strong>01.</strong></span> <span class='ocrx_word' id='word_1_187' title='bbox 1715 3987 2117 4059; x_wconf 88' lang='lat' dir='ltr'><strong>Moellerus</strong></span> <span class='ocrx_word' id='word_1_188' title='bbox 2171 3985 2600 4077; x_wconf 84' lang='lat' dir='ltr'><strong>Gothanus‚</strong></span> <span class='ocrx_word' id='word_1_189' title='bbox 2656 3983 2919 4056; x_wconf 89' lang='lat' dir='ltr'><strong>additis</strong></span> <span class='ocrx_word' id='word_1_190' title='bbox 2970 3986 3045 4054; x_wconf 91' lang='lat' dir='ltr'><strong>in</strong></span> <span class='ocrx_word' id='word_1_191' title='bbox 3098 3987 3426 4077; x_wconf 80' lang='lat' dir='ltr'><strong>margine</strong></span> <span class='ocrx_word' id='word_1_192' title='bbox 3496 3987 3718 4058; x_wconf 79' lang='lat' dir='ltr'><strong>variis</strong></span> <span class='ocrx_word' id='word_1_193' title='bbox 3782 3985 4043 4057; x_wconf 55' lang='lat' dir='ltr'><strong>lectio*</strong></span> <span class='ocrx_word' id='word_1_194' title='bbox 4095 4031 4109 4042; x_wconf 92' lang='lat'><strong>·</strong></span> 
     </span>
     <span class='ocr_line' id='line_1_20' title="bbox 491 4107 4050 4199; baseline 0 -16"><span class='ocrx_word' id='word_1_195' title='bbox 491 4114 704 4184; x_wconf 89' lang='lat' dir='ltr'><strong>nibus</strong></span> <span class='ocrx_word' id='word_1_196' title='bbox 766 4134 811 4181; x_wconf 88' lang='lat' dir='ltr'><strong>e</strong></span> <span class='ocrx_word' id='word_1_197' title='bbox 879 4113 1188 4182; x_wconf 82' lang='lat' dir='ltr'><strong>caeteris</strong></span> <span class='ocrx_word' id='word_1_198' title='bbox 1253 4110 1462 4185; x_wconf 82' lang='lat' dir='ltr'><strong>codd.</strong></span> <span class='ocrx_word' id='word_1_199' title='bbox 1548 4107 2095 4181; x_wconf 77' lang='lat' dir='ltr'><strong>parisiensibus.</strong></span> <span class='ocrx_word' id='word_1_200' title='bbox 2177 4109 2470 4180; x_wconf 87' lang='lat' dir='ltr'><strong>Deinde</strong></span> <span class='ocrx_word' id='word_1_201' title='bbox 2499 4162 2520 4199; x_wconf 91' lang='lat'>‚</span> <span class='ocrx_word' id='word_1_202' title='bbox 2576 4133 2743 4181; x_wconf 88' lang='lat' dir='ltr'><strong>cum</strong></span> <span class='ocrx_word' id='word_1_203' title='bbox 2793 4109 3069 4180; x_wconf 87' lang='lat' dir='ltr'><strong>scholia</strong></span> <span class='ocrx_word' id='word_1_204' title='bbox 3119 4110 3423 4181; x_wconf 85' lang='lat' dir='ltr'><strong>Zuzenii</strong></span> <span class='ocrx_word' id='word_1_205' title='bbox 3474 4109 3848 4184; x_wconf 80' lang='lat' dir='ltr'><strong>vocalibus</strong></span> <span class='ocrx_word' id='word_1_206' title='bbox 3900 4135 4050 4183; x_wconf 88' lang='lat' dir='ltr'><strong>non</strong></span> 
     </span>
     <span class='ocr_line' id='line_1_21' title="bbox 483 4230 4050 4326; baseline -0 -23"><span class='ocrx_word' id='word_1_207' title='bbox 483 4244 723 4305; x_wconf 82' lang='lat' dir='ltr'><strong>essent</strong></span> <span class='ocrx_word' id='word_1_208' title='bbox 771 4235 1150 4322; x_wconf 88' lang='lat' dir='ltr'><strong>instructa,</strong></span> <span class='ocrx_word' id='word_1_209' title='bbox 1207 4231 1539 4302; x_wconf 82' lang='lat' dir='ltr'><strong>laboravi</strong></span> <span class='ocrx_word' id='word_1_210' title='bbox 1592 4233 1672 4300; x_wconf 90' lang='lat' dir='ltr'><strong>in</strong></span> <span class='ocrx_word' id='word_1_211' title='bbox 1720 4231 2081 4304; x_wconf 78' lang='lat' dir='ltr'><strong>vocalium</strong></span> <span class='ocrx_word' id='word_1_212' title='bbox 2132 4232 2354 4323; x_wconf 88' lang='lat' dir='ltr'><strong>signis</strong></span> <span class='ocrx_word' id='word_1_213' title='bbox 2403 4232 2905 4325; x_wconf 84' lang='lat' dir='ltr'><strong>imponendis,</strong></span> <span class='ocrx_word' id='word_1_214' title='bbox 2963 4253 3189 4326; x_wconf 90' lang='lat' dir='ltr'><strong>opere</strong></span> <span class='ocrx_word' id='word_1_215' title='bbox 3237 4230 3565 4302; x_wconf 89' lang='lat' dir='ltr'><strong>taedioso</strong></span> <span class='ocrx_word' id='word_1_216' title='bbox 3616 4243 3691 4302; x_wconf 89' lang='lat' dir='ltr'><strong>et</strong></span> <span class='ocrx_word' id='word_1_217' title='bbox 3739 4231 4050 4303; x_wconf 89' lang='lat' dir='ltr'><strong>molesto</strong></span> 
     </span>
     <span class='ocr_line' id='line_1_22' title="bbox 483 4351 4049 4449; baseline 0 -24"><span class='ocrx_word' id='word_1_218' title='bbox 483 4354 842 4448; x_wconf 79' lang='lat' dir='ltr'><strong>simulque</strong></span> <span class='ocrx_word' id='word_1_219' title='bbox 909 4353 1194 4425; x_wconf 83' lang='lat' dir='ltr'><strong>confeci</strong></span> <span class='ocrx_word' id='word_1_220' title='bbox 1263 4354 1603 4425; x_wconf 89' lang='lat' dir='ltr'><strong>carminis</strong></span> <span class='ocrx_word' id='word_1_221' title='bbox 1666 4362 1740 4423; x_wconf 88' lang='lat' dir='ltr'><strong>et</strong></span> <span class='ocrx_word' id='word_1_222' title='bbox 1811 4351 2255 4423; x_wconf 87' lang='lat' dir='ltr'><strong>scholiorum</strong></span> <span class='ocrx_word' id='word_1_223' title='bbox 2310 4354 2718 4425; x_wconf 81' lang='lat' dir='ltr'><strong>versionem</strong></span> <span class='ocrx_word' id='word_1_224' title='bbox 2773 4356 3068 4425; x_wconf 90' lang='lat' dir='ltr'><strong>latinam</strong></span> <span class='ocrx_word' id='word_1_225' title='bbox 3088 4407 3110 4442; x_wconf 89' lang='lat'>‚</span> <span class='ocrx_word' id='word_1_226' title='bbox 3176 4377 3364 4449; x_wconf 88' lang='lat' dir='ltr'><strong>quae</strong></span> <span class='ocrx_word' id='word_1_227' title='bbox 3413 4355 3492 4423; x_wconf 91' lang='lat' dir='ltr'><strong>in</strong></span> <span class='ocrx_word' id='word_1_228' title='bbox 3538 4353 3833 4426; x_wconf 86' lang='lat' dir='ltr'><strong>scholiis</strong></span> <span class='ocrx_word' id='word_1_229' title='bbox 3897 4378 4049 4426; x_wconf 89' lang='lat' dir='ltr'><strong>non</strong></span> 
     </span>
     <span class='ocr_line' id='line_1_23' title="bbox 496 4473 4050 4571; baseline -0.001 -22"><span class='ocrx_word' id='word_1_230' title='bbox 496 4501 759 4571; x_wconf 87' lang='lat' dir='ltr'><strong>parum</strong></span> <span class='ocrx_word' id='word_1_231' title='bbox 824 4478 1274 4550; x_wconf 85' lang='lat' dir='ltr'><strong>difficultatis</strong></span> <span class='ocrx_word' id='word_1_232' title='bbox 1326 4478 1506 4549; x_wconf 87' lang='lat' dir='ltr'><strong>mihi</strong></span> <span class='ocrx_word' id='word_1_233' title='bbox 1575 4479 1873 4554; x_wconf 77' lang='lat' dir='ltr'><strong>creavit.</strong></span> <span class='ocrx_word' id='word_1_234' title='bbox 1974 4473 2143 4548; x_wconf 91' lang='lat' dir='ltr'><strong>Hoc</strong></span> <span class='ocrx_word' id='word_1_235' title='bbox 2216 4476 2470 4548; x_wconf 87' lang='lat' dir='ltr'><strong>labore</strong></span> <span class='ocrx_word' id='word_1_236' title='bbox 2545 4476 2876 4548; x_wconf 88' lang='lat' dir='ltr'><strong>absoluto</strong></span> <span class='ocrx_word' id='word_1_237' title='bbox 2944 4474 3267 4546; x_wconf 86' lang='lat' dir='ltr'><strong>adhibita</strong></span> <span class='ocrx_word' id='word_1_238' title='bbox 3326 4476 3597 4545; x_wconf 86' lang='lat' dir='ltr'><strong>Jonesii</strong></span> <span class='ocrx_word' id='word_1_239' title='bbox 3678 4486 3753 4545; x_wconf 88' lang='lat' dir='ltr'><strong>et</strong></span> <span class='ocrx_word' id='word_1_240' title='bbox 3818 4475 4050 4547; x_wconf 82' lang='lat' dir='ltr'><strong>Lettii</strong></span> 
     </span>
     <span class='ocr_line' id='line_1_24' title="bbox 505 4597 4050 4694; baseline -0.001 -21"><span class='ocrx_word' id='word_1_241' title='bbox 505 4603 824 4675; x_wconf 85' lang='lat' dir='ltr'><strong>editione</strong></span> <span class='ocrx_word' id='word_1_242' title='bbox 896 4604 1395 4677; x_wconf 77' lang='lat' dir='ltr'><strong>diversitatem</strong></span> <span class='ocrx_word' id='word_1_243' title='bbox 1473 4602 1802 4673; x_wconf 88' lang='lat' dir='ltr'><strong>lectionis</strong></span> <span class='ocrx_word' id='word_1_244' title='bbox 1875 4612 1949 4671; x_wconf 90' lang='lat' dir='ltr'><strong>et</strong></span> <span class='ocrx_word' id='word_1_245' title='bbox 2008 4599 2635 4694; x_wconf 85' lang='lat' dir='ltr'><strong>interpretationis</strong></span> <span class='ocrx_word' id='word_1_246' title='bbox 2695 4597 3086 4690; x_wconf 85' lang='lat' dir='ltr'><strong>diligenter</strong></span> <span class='ocrx_word' id='word_1_247' title='bbox 3151 4619 3245 4667; x_wconf 83' lang='lat' dir='ltr'><strong>ex</strong></span> <span class='ocrx_word' id='word_1_248' title='bbox 3301 4597 3391 4667; x_wconf 88' lang='lat' dir='ltr'><strong>iis</strong></span> <span class='ocrx_word' id='word_1_249' title='bbox 3451 4599 3745 4670; x_wconf 79' lang='lat' dir='ltr'><strong>enotavi</strong></span> <span class='ocrx_word' id='word_1_250' title='bbox 3817 4610 3893 4668; x_wconf 86' lang='lat' dir='ltr'><strong>et</strong></span> <span class='ocrx_word' id='word_1_251' title='bbox 3955 4622 4050 4670; x_wconf 84' lang='lat' dir='ltr'><strong>ex</strong></span> 
     </span>
     <span class='ocr_line' id='line_1_25' title="bbox 490 4718 4048 4813; baseline -0.002 -19"><span class='ocrx_word' id='word_1_252' title='bbox 490 4745 748 4795; x_wconf 88' lang='lat' dir='ltr'><strong>eorum</strong></span> <span class='ocrx_word' id='word_1_253' title='bbox 798 4724 1232 4796; x_wconf 88' lang='lat' dir='ltr'><strong>lectionibus</strong></span> <span class='ocrx_word' id='word_1_254' title='bbox 1283 4747 1449 4794; x_wconf 91' lang='lat' dir='ltr'><strong>cum</strong></span> <span class='ocrx_word' id='word_1_255' title='bbox 1503 4723 1942 4793; x_wconf 89' lang='lat' dir='ltr'><strong>lectionibus</strong></span> <span class='ocrx_word' id='word_1_256' title='bbox 1992 4721 2211 4798; x_wconf 75' lang='lat' dir='ltr'><strong>Mssc.</strong></span> <span class='ocrx_word' id='word_1_257' title='bbox 2264 4718 2535 4791; x_wconf 88' lang='lat' dir='ltr'><strong>Pariss.</strong></span> <span class='ocrx_word' id='word_1_258' title='bbox 2586 4719 3024 4812; x_wconf 88' lang='lat' dir='ltr'><strong>comparatis</strong></span> <span class='ocrx_word' id='word_1_259' title='bbox 3072 4728 3353 4789; x_wconf 80' lang='lat' dir='ltr'><strong>textum</strong></span> <span class='ocrx_word' id='word_1_260' title='bbox 3402 4741 3620 4813; x_wconf 83' lang='lat' dir='ltr'><strong>quam</strong></span> <span class='ocrx_word' id='word_1_261' title='bbox 3693 4719 4048 4790; x_wconf 89' lang='lat' dir='ltr'><strong>emenda-</strong></span> 
     </span>
     <span class='ocr_line' id='line_1_26' title="bbox 492 4842 4048 4941; baseline -0.003 -20"><span class='ocrx_word' id='word_1_262' title='bbox 492 4851 845 4922; x_wconf 83' lang='lat' dir='ltr'><strong>tissimum</strong></span> <span class='ocrx_word' id='word_1_263' title='bbox 894 4850 1143 4922; x_wconf 85' lang='lat' dir='ltr'><strong>facere</strong></span> <span class='ocrx_word' id='word_1_264' title='bbox 1191 4849 1466 4924; x_wconf 81' lang='lat' dir='ltr'><strong>studui.</strong></span> <span class='ocrx_word' id='word_1_265' title='bbox 1566 4848 1859 4920; x_wconf 89' lang='lat' dir='ltr'><strong>Deinde</strong></span> <span class='ocrx_word' id='word_1_266' title='bbox 1910 4848 2348 4941; x_wconf 88' lang='lat' dir='ltr'><strong>conquirere</strong></span> <span class='ocrx_word' id='word_1_267' title='bbox 2400 4845 2657 4938; x_wconf 79' lang='lat' dir='ltr'><strong>coepi,</strong></span> <span class='ocrx_word' id='word_1_268' title='bbox 2715 4842 3071 4938; x_wconf 90' lang='lat' dir='ltr'><strong>quidquid</strong></span> <span class='ocrx_word' id='word_1_269' title='bbox 3120 4844 3216 4914; x_wconf 89' lang='lat' dir='ltr'><strong>ad</strong></span> <span class='ocrx_word' id='word_1_270' title='bbox 3264 4844 3609 4915; x_wconf 80' lang='lat' dir='ltr'><strong>carminis</strong></span> <span class='ocrx_word' id='word_1_271' title='bbox 3660 4856 3734 4922; x_wconf 86' lang='lat' dir='ltr'><strong>et</strong></span> <span class='ocrx_word' id='word_1_272' title='bbox 3779 4843 4048 4914; x_wconf 87' lang='lat' dir='ltr'><strong>scholi—</strong></span> 
     </span>
     <span class='ocr_line' id='line_1_27' title="bbox 498 4965 4048 5070; baseline -0.003 -24"><span class='ocrx_word' id='word_1_273' title='bbox 498 4999 709 5047; x_wconf 88' lang='lat' dir='ltr'><strong>orum</strong></span> <span class='ocrx_word' id='word_1_274' title='bbox 762 4974 1329 5046; x_wconf 87' lang='lat' dir='ltr'><strong>illustrationem</strong></span> <span class='ocrx_word' id='word_1_275' title='bbox 1398 4973 1671 5070; x_wconf 89' lang='lat' dir='ltr'><strong>aliquid</strong></span> <span class='ocrx_word' id='word_1_276' title='bbox 1743 4972 1927 5044; x_wconf 85' lang='lat' dir='ltr'><strong>mihi</strong></span> <span class='ocrx_word' id='word_1_277' title='bbox 1991 4971 2372 5045; x_wconf 77' lang='lat' dir='ltr'><strong>videretur</strong></span> <span class='ocrx_word' id='word_1_278' title='bbox 2440 4965 2781 5039; x_wconf 84' lang='lat' dir='ltr'><strong>conferre</strong></span> <span class='ocrx_word' id='word_1_279' title='bbox 2807 5019 2832 5059; x_wconf 86' lang='lat'>,</span> <span class='ocrx_word' id='word_1_280' title='bbox 2901 4967 3216 5038; x_wconf 87' lang='lat' dir='ltr'><strong>multum</strong></span> <span class='ocrx_word' id='word_1_281' title='bbox 3282 4990 3375 5038; x_wconf 92' lang='lat' dir='ltr'><strong>eo</strong></span> <span class='ocrx_word' id='word_1_282' title='bbox 3443 4967 3733 5060; x_wconf 80' lang='lat' dir='ltr'><strong>adjutus</strong></span> <span class='ocrx_word' id='word_1_283' title='bbox 3755 5019 3779 5058; x_wconf 88' lang='lat'>‚</span> <span class='ocrx_word' id='word_1_284' title='bbox 3849 4965 4048 5061; x_wconf 90' lang='lat' dir='ltr'><strong>quod</strong></span> 
     </span>
     <span class='ocr_line' id='line_1_28' title="bbox 485 5079 4054 5193; baseline -0.002 -25"><span class='ocrx_word' id='word_1_285' title='bbox 485 5099 630 5190; x_wconf 88' lang='lat' dir='ltr'><strong>jam</strong></span> <span class='ocrx_word' id='word_1_286' title='bbox 686 5098 890 5193; x_wconf 86' lang='lat' dir='ltr'><strong>prius</strong></span> <span class='ocrx_word' id='word_1_287' title='bbox 937 5107 1425 5172; x_wconf 75' lang='lat' dir='ltr'><strong>tractaveram</strong></span> <span class='ocrx_word' id='word_1_288' title='bbox 1479 5096 1799 5190; x_wconf 86' lang='lat' dir='ltr'><strong>reliquas</strong></span> <span class='ocrx_word' id='word_1_289' title='bbox 1846 5092 2252 5167; x_wconf 83' lang='lat' dir='ltr'><strong>Moallakas</strong></span> <span class='ocrx_word' id='word_1_290' title='bbox 2304 5091 2594 5187; x_wconf 89' lang='lat' dir='ltr'><strong>aliaque</strong></span> <span class='ocrx_word' id='word_1_291' title='bbox 2626 5091 2958 5166; x_wconf 84' lang='lat' dir='ltr'><strong>Arabum</strong></span> <span class='ocrx_word' id='word_1_292' title='bbox 3009 5079 3335 5166; x_wconf 86' lang='lat' dir='ltr'><strong>carmina</strong></span> <span class='ocrx_word' id='word_1_293' title='bbox 3368 5091 3876 5169; x_wconf 76' lang='lat' dir='ltr'><strong>vetustissima.</strong></span> <span class='ocrx_word' id='word_1_294' title='bbox 3927 5089 4054 5161; x_wconf 82' lang='lat' dir='ltr'><strong>Ex</strong></span> 
     </span>
    </p>
   </div>
  </div>
 </body>
</html>
