4659 5900
1248 1368 2413 1465 AMRULKEISI
2566 1364 3734 1457 MOALLAKAH.

720 2023 813 2100 V.
876 2044 905 2092 1
926 2073 945 2092 .
1041 1923 1490 2092 Subsistite
1512 2072 1536 2114 ‚
1593 2043 1638 2090 0
1688 2015 1923 2089 amici.
1974 2015 2368 2111 lffloremus
2416 2017 2779 2087 memoria
2828 2013 3114 2111 puellae
3168 2004 3444 2084 amatae
3495 2022 3570 2083 et
3619 2011 4085 2117 habitationis
4107 2067 4134 2107 ‚
4200 2016 4281 2087 in

992 2147 1177 2219 -loco
1226 2146 1356 2217 ubi
1405 2144 1843 2216 terminatur
1891 2162 2115 2211 arena
2162 2140 2519 2232 eminens,
2569 2141 2764 2210 inter
2813 2137 3104 2210 Dachul
3155 2149 3230 2209 et
3280 2135 3634 2225 Haumal,

725 2272 821 2347 V.
876 2294 945 2344 2.
1041 2273 1146 2343 Et
1205 2269 1458 2342 Tudih
1544 2279 1620 2339 et
1678 2263 1993 2356 Mikrat‚
2094 2263 2297 2357 cujus
2364 2263 2636 2334 rudera
2695 2286 2846 2333 non
2892 2262 3465 2352 interciderunt,
3523 2283 3694 2330 cum
3740 2260 3849 2332 ibi
3898 2262 4272 2335 contrario

1013 2397 1192 2467 ssat'u
1240 2394 1681 2489 spiraverint
1727 2389 2000 2463 Auster
2050 2401 2125 2460 et
2171 2387 2463 2483 Aquilo,

717 2520 813 2595 V.
866 2522 934 2592 5.
1036 2520 1153 2593 Ibi
1198 2519 1377 2589 socii
1440 2516 1635 2607 mei,
1699 2512 2013 2586 admotis
2059 2512 2155 2582 ad
2204 2535 2324 2584 me
2370 2510 2710 2605 jumentis
2757 2510 2952 2605 suis,
3024 2510 3403 2582 dixerunt:
3457 2510 3614 2582 noli
3696 2509 3958 2583 confici
4022 2512 4282 2586 dolore

952 2658 963 2711 1
1015 2646 1148 2718 sed
1195 2657 1578 2716 strenuum
1625 2653 1702 2713 te
1751 2642 2048 2736 praebe.

714 2772 809 2848 V.
861 2774 934 2852 4.
1037 2770 1540 2843 consolationi
1586 2767 1769 2839 mihi
1817 2776 1990 2838 sunt
2038 2764 2403 2859 lacrymae
2450 2759 2815 2858 profusae.
2864 2757 3066 2852 Quid
3116 2769 3228 2832 est
3275 2742 3473 2831 enim
3525 2758 3716 2855 apud
3767 2757 4041 2832 rudera
4090 2760 4281 2832 obli·

1013 2905 1257 2966 terata
1282 2946 1303 2986 ‚
1373 2894 1450 2965 in
1504 2915 1649 2988 quo
1699 2887 1968 2960 fiducia
2014 2888 2241 2985 possit
2287 2885 2514 2984 poni?
4112 2883 4122 2901 “

720 3016 819 3092 V.
872 3018 937 3087 5.
1037 3017 1327 3089 Eodem
1386 3013 1611 3086 modo
1656 3014 1806 3109 jam
1855 3011 2154 3084 affectus
2202 3008 2447 3103 fuisti,
2520 3022 2908 3107 antequam
2954 3011 3142 3081 hanc
3189 3010 3508 3105 puellam
3558 3012 3930 3085 adamares
3954 3064 3976 3105 ,
4054 3037 4280 3111 prop-

1014 3153 1134 3215 ter
1183 3138 1884 3213 Ummulhowairith
1932 3138 2232 3233 ejusque
2281 3138 2599 3212 vicinam
2650 3135 3183 3207 Ummulrebab
3233 3134 3308 3205 in
3363 3133 3619 3206 Masel.
4288 3121 4296 3128 ’

718 3265 814 3341 V.
863 3268 934 3338 6.
1035 3266 1290 3357 Quum
1315 3274 1699 3359 surgerent
1731 3263 1932 3355 illae,
1988 3261 2532 3334 diffundebatur
2580 3262 2672 3334 ab
2704 3258 2850 3331 illis
2896 3257 3128 3330 musci
3179 3257 3393 3350 odor,
3445 3259 3555 3329 uti
3581 3258 3773 3330 Euri
3820 3281 4000 3332 aura
4019 3314 4040 3354 ,
4096 3283 4286 3358 quae

1028 3390 1251 3460 affert
1297 3386 1941 3484 caryophyllorum
1987 3386 2321 3459 halitum.
3447 3363 3454 3368 ’

723 3510 821 3586 V.
875 3536 952 3605 7.
1044 3513 1263 3584 Tunc
1310 3511 1777 3608 profluebant
1822 3533 1916 3580 ex
1967 3509 2194 3580 oculis
2242 3509 2424 3579 meis
2471 3508 2876 3605 lacrymae,
2929 3517 3237 3606 propter
3284 3509 3557 3581 amoris
3606 3508 3953 3586 ardorem
3977 3564 4001 3605 ‚
4055 3534 4280 3609 super

1020 3639 1351 3735 jugulum
1377 3690 1401 3729 ,
1471 3638 1578 3709 ita
1621 3648 1707 3709 ut
1754 3637 2118 3731 lacrymae
2169 3635 2582 3706 iri-orarent
2628 3633 2945 3707 baltheo.
3441 3649 3446 3653 ’
3835 3667 3868 3692 κ
3907 3687 3938 3736 ἱ

731 3762 827 3837 V.
882 3766 947 3835 8.
1050 3763 1274 3833 Multi
1323 3761 1462 3833 tibi
1510 3784 1646 3855 per
1693 3760 1856 3829 illas
1905 3761 2060 3832 dies
2110 3783 2366 3833 suaves
2392 3809 2418 3853 ,
2488 3760 2618 3831 sed
2663 3758 2905 3831 nullus
2953 3758 3212 3831 similis
3260 3757 3415 3853 illi,
3473 3782 3691 3855 quem
3736 3763 4156 3857 transegisti
4203 3763 4282 3836 in

1026 3886 1263 3958 Darat
1311 3882 1873 3956 Dachuldschul.

731 4010 824 4086 V.
875 4034 943 4106 9.
1052 4011 1309 4082 Suavis
1344 4010 1566 4079 etiam
1593 4006 1717 4077 ille
1749 4007 1932 4096 dies,
1986 4030 2133 4101 quo
2174 4004 2576 4099 virginibus
2613 4008 2924 4081 mactavi
2975 4008 3385 4103 jumentum
3407 4032 3653 4095 meum
3689 4035 3712 4103 3
3768 4021 3842 4080 et
3881 4036 3926 4082 0
3967 4011 4284 4085 mirum:

1026 4132 1227 4227 quod
1274 4130 1736 4226 portaverint
1784 4129 1957 4199 illae
2007 4128 2161 4221 ejus
2200 4129 2476 4201 sellam.

726 4255 821 4331 V.
882 4278 992 4326 10.
1090 4254 1439 4350 Virgines
1509 4253 2012 4323 indesinenter
2082 4253 2219 4325 sibi
2268 4252 2582 4362 invicem
2653 4257 3129 4353 porrigebant
3177 4259 3333 4356 ejus
3383 4281 3681 4333 carnem
3745 4260 4043 4356 ejusque
4114 4259 4288 4331 adi-

632 4357 659 4378 ⁰
1071 4404 1240 4475 pem
1263 4432 1286 4470 ,
1341 4378 1655 4449 similem
1702 4375 2009 4448 fimbriis
2058 4378 2274 4447 serici
2336 4377 2486 4449 albi
2546 4380 2734 4452 bene
2792 4383 3129 4454 contorti.

732 4503 829 4580 V.
889 4526 1001 4574 11.
1104 4503 1208 4574 Et
1272 4502 1473 4592 dies,
1560 4525 1707 4596 quo
1757 4500 2028 4575 intravi
2079 4501 2380 4594 sellam3
2468 4504 2726 4576 sellam
2793 4519 3063 4580 tectam
3130 4506 3493 4601 Oneizae‚
3569 4534 3738 4582 cum
3784 4509 3915 4582 illa
3963 4510 4294 4583 diceret:

1086 4627 1270 4702 vaeh
1321 4629 1457 4710 tibi
1482 4678 1503 4717 ,
1558 4637 1643 4697 ut
1688 4626 1912 4719 pedes
1965 4626 2291 4698 incedam
2344 4652 2460 4699 me
2514 4632 2727 4723 cogis.

734 4751 828 4826 V.
888 4773 999 4823 12.
1100 4751 1316 4821 Dixit
1363 4750 1533 4841 illa,
1617 4774 1787 4821 cum
1846 4750 1996 4844 jam
2062 4752 2494 4823 inclinarent
2536 4755 2880 4826 'clitellae
2944 4758 3324 4829 nobiscum
3394 4769 3701 4852 propter
3761 4758 4047 4854 pondus
4106 4784 4290 4832 nos-

1071 4886 1319 4946 trum:
1373 4877 1639 4948 occidis
1690 4877 2098 4968 jumentum
2147 4900 2420 4968 meum,
2477 4904 2522 4948 0
2572 4876 3088 4972 Amrulkeise3
3142 4883 3502 4953 descende
3553 4884 3797 4976 igitur.

726 4998 824 5073 V.
883 5001 992 5071 15.
1095 4999 1312 5069 Tunc
1364 5024 1497 5094 ego
1549 5004 1932 5093 respondi:
2003 5003 2354 5097 agedum,
2432 5001 2717 5072 dimitte
2804 5005 2958 5098 ejus
3007 5006 3325 5077 habenas
3377 5019 3452 5077 et
3519 5006 3678 5079 noli
3725 5031 3846 5081 me
3896 5027 4294 5080 removere

1064 5146 1110 5193 a
1159 5120 1407 5195 fructu
1455 5137 1584 5195 tuo
1602 5127 2043 5217 ‚suavissimo
2116 5178 2140 5219 ,
2194 5127 2471 5196 iterum
2523 5125 2938 5225 iterumque
2985 5130 3485 5227 percipiendo.
