4659 5900
1441 1182 2948 1280 PROLEGOMENA.

1923 1604 2448 1633 Μαι-οι·-

421 1845 677 2011 Inter
730 1916 1019 2028 omnia,
1073 1946 1431 2032 quotquot
1471 1933 1684 2007 nobis
1735 1942 2127 2029 supersunt
2147 1983 2172 2022 ,
2222 1943 2553 2005 vetustae
2589 1929 2907 2006 Arabiae
2948 1938 3448 2020 monumenta,
3500 1924 3975 2022 praecipuum

428 2089 645 2159 sane,
690 2065 752 2135 si
778 2089 928 2135 non
971 2065 1337 2158 primum,
1392 2061 1633 2133 locum
1693 2063 2069 2148 obtinent,
2124 2058 2455 2129 carmina
2499 2069 2815 2152 septem,
2882 2079 3068 2151 quae
3098 2053 3468 2126 communi
3503 2051 3795 2123 nomine
3833 2074 3977 2123 vo·-

428 2198 690 2258 cantur
746 2186 1161 2258 Moallakat.
1226 2185 1466 2255 Erant
1512 2185 1804 2280 quidem
1852 2182 2217 2255 Arabibus
2266 2182 2410 2252 alia
2465 2185 2788 2254 carmina
2835 2181 3275 2275 antiquiora.
3402 2178 3614 2249 Haec
3654 2177 3982 2247 carmina

425 2313 621 2384 enim
657 2313 925 2413 scripta
948 2325 1118 2384 sunt
1193 2312 1388 2382 intra
1432 2312 1951 2405 quinquaginta
1986 2334 2216 2380 annos
2278 2321 2355 2377 et
2388 2308 2765 2379 nativitate
2809 2304 3352 2377 Muhammedis
3388 2302 3780 2375 inferiora.
3882 2298 3977 2372 cf.

426 2432 709 2504 Reiskii
737 2433 998 2529 prolog
1002 2486 1016 2501 .
1065 2434 1140 2503 in
1169 2431 1545 2526 Tharaph.
1599 2456 1669 2525 p.
1725 2432 1975 2503 XVII.
2034 2432 2128 2502 el.
2227 2428 2349 2499 De
2388 2429 2574 2524 Sacy
2621 2432 2698 2500 in
2732 2428 2961 2499 libro:
3005 2428 3322 2521 magasin
3373 2450 3555 2521 ene)
3557 2425 3987 2521 clopedique

426 2555 515 2625 50
559 2555 791 2625 annee
814 2568 864 2625 t.
902 2553 1123 2649 V1.p.
1157 2564 1305 2646 494
1347 2562 1500 2648 sqq.
1556 2554 1702 2624 Sed
1739 2555 2062 2624 carmina
2098 2553 2424 2627 Arabum
2472 2556 2885 2650 antiquiora
2931 2567 3142 2626 erant
3191 2554 3622 2627 brevissima
3676 2565 3751 2622 et
3809 2573 3988 2644 pau·-

432 2678 534 2748 cis
590 2679 1014 2748 constabant
1079 2676 1454 2750 versiculis
1484 2677 1644 2747 sine·
1676 2676 1828 2747 ulla
1865 2689 2024 2748 arte
2074 2682 2512 2774 compositis.
2559 2677 2655 2749 ef.
2755 2678 2874 2749 De
2910 2680 3137 2773 Sacy,
3193 2678 3270 2748 in
3306 2678 3501 2748 libro
3539 2673 3992 2766 „memoires

436 2799 532 2869 de
594 2800 1019 2872 l'academie
1074 2800 1202 2870 des
1250 2800 1713 2895 inscriptions
1773 2812 1849 2871 et
1888 2800 2014 2870 des
2061 2800 2290 2876 belles
2356 2805 2661 2877 lettres‘⁸
2725 2817 2780 2875 t.
2810 2806 2901 2875 L.
2955 2828 3028 2899 p.
3089 2806 3235 2876 550
3263 2781 3414 2899 sqq.
3451 2802 3767 2873 Pocock.
3801 2825 3994 2896 spec.

431 2932 688 3004 histor.
710 2928 1033 3002 Arabum
1053 2952 1120 3021 p.
1165 2927 1294 2996 161
1333 2926 1507 3004 edit.
1526 2950 1635 3020 pr.
1678 2926 1830 2999 Iam
1864 2951 1958 2999 ex
1991 2927 2147 3022 ipsa
2180 2928 2428 3000 indole
2458 2928 2991 3001 Moallakarum
3021 2928 3358 3001 concludi
3398 2937 3640 3023 potest
3671 2924 3996 2996 carmina

440 3054 772 3145 longiora
803 3067 970 3123 ante
1004 3074 1123 3120 eas
1150 3074 1297 3119 non
1327 3051 1670 3119 extitisse.
1720 3050 2077 3120 Constant
2111 3054 2305 3124 enim
2334 3055 2732 3124 Moallakat
2765 3055 3089 3148 partibus
3117 3055 3383 3126 leviter
3408 3053 3671 3144 junctis
3698 3061 3996 3144 ‹et-quae

442 3176 715 3268 sigulae
768 3173 929 3244 fere
983 3172 1347 3266 singulum
1403 3195 1698 3243 carmen
1759 3172 2057 3245 efficere
2110 3180 2417 3269 possint.
2471 3178 2564 3250 cf.
2619 3180 2738 3250 De
2787 3181 2973 3273 Sacy
3006 3179 3057 3249 1.
3105 3204 3165 3249 c.
3207 3204 3274 3273 p.
3309 3179 3478 3248 555.
3589 3175 3992 3246 Praeterea

442 3321 624 3373 vcro
675 3297 769 3367 de
829 3295 1157 3368 Arabum
1197 3296 1400 3389 poesi
1439 3297 1935 3390 antiquissima
1985 3300 2416 3390 paucissima
2466 3302 2678 3373 nobis
2719 3300 3128 3395 fragmenta
3175 3308 3586 3394 supersunt.
3685 3298 3879 3369 Nam
3930 3297 3995 3367 si

440 3424 843 3494 accuratius
890 3421 1302 3515 inquiratur
1328 3423 1405 3492 in
1429 3424 1650 3495 vitam
1691 3423 2019 3494 omnium
2037 3437 2449 3518 poetarum,
2491 3446 2808 3520 quorum
2831 3424 3157 3495 carmina
3180 3423 3393 3493 nobis
3425 3420 3869 3492 exhibentur
3903 3421 3983 3488 in

448 3542 853 3633 Hamasah‚
906 3544 1325 3617 invenietur
1380 3544 1665 3615 nullum
1721 3547 2018 3616 omnino
2061 3570 2321 3617 eorum
2367 3559 2617 3617 natum
2656 3567 2819 3618 esse
2866 3546 2994 3632 diu
3028 3557 3198 3617 ante
3237 3543 3837 3614 Muhammedem
3875 3553 4001 3611 aut

447 3682 617 3742 ante
651 3681 936 3764 tempus
958 3720 981 3760 ,
1036 3694 1180 3764 quo
1215 3670 1657 3764 compositae
1695 3680 1866 3741 sunt
1896 3682 2176 3764 septem
2198 3670 2646 3758 *Moallakaa
2747 3671 2993 3741 Etiam
3021 3643 3370 3758 carmina,
3407 3681 3591 3765 quae
3621 3666 4008 3738 Schulten-

449 3794 599 3863 sius
625 3791 962 3863 exhibuit
991 3791 1068 3861 in
1102 3792 1295 3864 libro
1337 3803 1869 3881 „monumenta
1899 3795 2301 3866 vetustiora
2320 3795 2726 3888 Arabiae,“
2781 3797 3097 3868 multum
3148 3797 3546 3866 subsistunt
3575 3793 3772 3864 infra
3804 3806 4002 3862 aeta-

450 3924 608 3985 tem
664 3935 711 3981 a
759 3909 1217 3984 Schultensio
1272 3912 1415 3982 illis
1453 3913 1828 3983 tributam.
1879 3913 1974 3985 cf.
2051 3914 2172 3986 De
2227 3919 2416 4014 Sacy
2440 3920 2487 3990 1.
2520 3945 2580 3990 c.
2611 3945 2682 4014 p.
2729 3921 2895 3991 561.
2928 3921 3099 4014 Sqq.
3150 3918 3553 3990 Recentior
3583 3939 3764 3990 vero
3797 3914 4001 3988 Ara-

448 4039 626 4110 bum
668 4039 906 4133 poesis
938 4038 1142 4111 nullo
1187 4036 1406 4110 modo
1440 4061 1605 4111 cum
1642 4038 1754 4109 his
1797 4041 2239 4112 carminibus
2274 4042 2783 4138 comparanda.
2823 4041 3017 4113 Nam
3062 4066 3228 4113 cum
3268 4039 3517 4137 populi
3558 4040 3885 4110 moribus
3927 4048 4003 4109 et

456 4162 885 4233 conditione
921 4175 1226 4235 externa
1255 4164 1473 4235 etiam
1508 4165 1745 4260 poesis
1782 4166 1858 4236 in
1886 4165 2101 4236 aliam
2130 4164 2445 4239 formam
2480 4178 2755 4238 mutata
2782 4179 2914 4238 est.
2943 4165 3036 4238 cf.
3076 4165 3387 4237 Pocock.
3426 4164 3720 4259 specim.
3745 4163 4006 4234 histor.
4099 4153 4120 4164 ”

454 4287 678 4361 Arab.
701 4313 766 4383 p.
804 4288 961 4376 164.
986 4314 1138 4383 sqq.
1162 4290 1331 4360 edit.
1374 4312 1484 4384 pr.
1531 4289 1790 4384 Neque
1817 4313 1998 4362 vero
2032 4295 2438 4366 carminum
2466 4296 2734 4367 horum
2757 4293 3199 4390 praestantia
3225 4293 3304 4362 in
3340 4303 3657 4387 utroque
3689 4289 3869 4360 orbe
3905 4288 4010 4380 ig-

455 4425 632 4484 nota
676 4416 964 4485 mansit.
1017 4416 1389 4505 Quantum
1419 4417 1866 4487 auctoritatis
1902 4418 1975 4486 in
2003 4416 2312 4493 Oriente
2343 4422 2776 4511 habuerint,
2829 4421 2974 4512 jam
3000 4418 3462 4492 manifestum
3489 4415 3574 4486 fit
3603 4438 3700 4486 ex
3733 4414 4010 4506 ingenti

459 4551 1113 4611 commentatorum
1163 4561 1512 4630 numero,
1580 4542 1703 4636 qui
1750 4545 2018 4614 versati
2055 4556 2224 4617 sunt
2274 4545 2352 4617 in
2389 4546 2478 4617 iis
2533 4545 2980 4639 explicandis
3020 4553 3096 4612 et
3138 4566 3236 4613 ex
3272 4563 3532 4612 eorum
3559 4536 4005 4626 nominibus,

464 4662 557 4734 de
611 4668 868 4759 quibus
903 4663 1099 4735 infra
1139 4666 1443 4738 dicetur.
1545 4667 1759 4762 Apud
1795 4693 1928 4741 nos
1962 4692 2145 4744 vero
2168 4674 2600 4765 praesertim
2630 4670 3158 4742 recentioribus
3189 4666 3635 4761 temporibus
3673 4666 4014 4738 meritam

455 4810 662 4860 suam
699 4790 991 4861 laudem
1050 4802 1221 4862 sunt
1279 4805 1684 4898 consecuta.
1787 4794 2098 4865 Praeter
2147 4791 2491 4889 prologos
2553 4794 2628 4863 in
2681 4792 3128 4886 singulorum
3175 4777 3581 4861 carminum
3628 4788 4011 4876 editioneS,

456 4912 658 4982 inter
697 4940 877 5007 quos
924 4919 1237 5026 manime
1278 4920 1551 5006 eminet
1580 4918 1853 4990 Reiskii
1903 4921 2247 5015 prologus
2289 4918 2364 4986 in
2396 4915 2900 5009 Tharapham,
2959 4913 3387 4985 eruditionis
3433 4911 3641 5005 copia
3684 4910 4013 5003 insignis,

464 5031 561 5106 cf.
587 5034 679 5104 de
697 5035 805 5104 his
823 5040 1266 5110 carminibus
1287 5040 1361 5110 in
1383 5042 1845 5114 uuiversum:
1900 5041 1986 5111 cl.
2006 5043 2096 5113 de
2115 5043 2303 5138 Sacy
2338 5038 2467 5110 l.c.
2483 5063 2557 5133 p.
2584 5039 2919 5133 575-sqq·
2942 5035 3249 5107 Pocock.
3275 5035 3566 5130 specim.
3597 5033 3765 5102 hist.
3798 5030 4023 5105 Arab.

447 5181 524 5256 p.
571 5161 731 5237 165.
774 5162 943 5236 edit.
959 5187 1073 5262 pr.
1110 5164 1502 5243 Herbelot.
1540 5169 1717 5243 bibl.
1750 5167 2040 5244 orient.
2071 5180 2126 5242 ι
2182 5167 2286 5242 ll.
2315 5188 2390 5260 p.
2429 5165 2599 5251 624.
2651 5163 2889 5233 Jones.
2926 5184 3123 5258 pocs.
3165 5157 3389 5232 Asiat.
3433 5165 3820 5228 comment.
3852 5176 4018 5252 opp.

3397 5313 3431 5361 1
