4659 5900
2230 483 2758 568 ..·-8--·

708 706 1149 802 conscensis,
1200 710 1350 785 viri
1401 712 1695 807 quidam
1742 708 1943 783 fures
1993 708 2157 781 illos
2206 704 2577 801 persecuti
2625 714 2843 796 sunt,
2907 705 3040 775 sed
3087 703 3276 774 nihil
3320 714 3781 800 receperunt.
3829 699 3946 776 Ab
3992 700 4122 772 illo
4168 720 4260 769 εει

706 838 1073 917 convertit
1119 838 1215 907 ad
1263 837 1601 911 Amirum
1648 839 1792 911 ben
1866 834 2334 909 Dschuwein.
2454 828 2602 900 Sed
2649 851 2817 898 cum
2876 827 3279 921 suspiceret
3323 827 3519 898 hunc
3570 827 3809 899 virum
3861 850 4018 898 esse
4067 845 4260 921 per--

703 957 933 1031 fidum
982 971 1059 1030 et
1105 960 1330 1046 malas
1379 962 1520 1031 sibi
1567 983 1827 1055 parare
1878 960 2215 1047 insidias,
2269 952 2642 1050 profectus
2693 967 2803 1027 est
2851 957 2945 1027 ad
2996 955 3238 1027 virum
3290 980 3334 1028 e
3382 954 3832 1048 Thaglebitis
3854 1006 3875 1044 ,
3933 952 4048 1024 cui
4101 974 4250 1022 no-

705 1108 878 1155 men
927 1096 1088 1156 erat
1134 1084 1427 1156 Hareth
1474 1087 1616 1158 ben
1639 1084 1972 1174 Morrah,
2024 1084 2354 1177 ejusque,
2407 1082 2762 1153 auxilium
2824 1081 3261 1177 imploravit.
3359 1081 3477 1155 Ab
3529 1083 3668 1155 hoc
3717 1078 4092 1176 profectus
4142 1088 4251 1149 est

708 1206 804 1277 ad
854 1208 1104 1281 virum
1151 1209 1537 1304 quemdam
1591 1233 1633 1279 e
1685 1209 2074 1298 Fesaritis,
2144 1207 2265 1279 cui
2311 1228 2584 1278 nomen
2637 1218 2799 1279 erat
2858 1204 3094 1278 Amru
3140 1208 3286 1277 beu
3351 1206 3720 1277 Dschabir
3785 1206 3928 1276 ben
3999 1202 4247 1279 Masis.

711 1329 865 1419 Qui
925 1330 1221 1424 quidem
1283 1354 1449 1401 cum
1496 1331 1656 1425 ipse
1704 1330 1943 1425 impar
1990 1340 2185 1401 esset
2228 1330 2323 1399 ad
2350 1352 2520 1401 eum
2546 1329 2928 1420 tuendum,
2996 1329 3381 1401 consilium
3410 1331 3482 1399 ei
3530 1329 3757 1418 dedit,
3807 1338 3893 1399 ut
3938 1348 4252 1398 sexcen-

709 1448 948 1522 ferret
1007 1452 1099 1523 ad
1163 1452 1409 1527 virum
1472 1454 1863 1547 quemdam
1926 1451 2590 1546 generosissimum,
2647 1451 3060 1523 Samuelem
3082 1504 3103 1542 ,
3193 1451 3426 1525 Adiae
3504 1450 3740 1522 filium
3762 1500 3784 1540 ‚
3869 1449 4247 1540 Iudaeum,

714 1577 910 1672 quod
959 1600 1127 1649 cum
1174 1577 1594 1651 Amrulkeis
1658 1590 1899 1650 ratum
1959 1579 2309 1669 haberet,
2364 1576 2697 1647 Fesarita
2744 1600 2917 1648 eum
2986 1577 3371 1648 comitatus
3420 1586 3547 1647 est.
3644 1573 3992 1646 Perrexit
4036 1573 4258 1667 igitur

711 1700 807 1769 ad
894 1721 1137 1771 arcem
1222 1700 1578 1771 munitam
1629 1700 1988 1772 Samuelis
2014 1753 2034 1791 ,
2107 1700 2234 1795 qui
2298 1722 2468 1771 eum
2515 1696 3248 1769 honorificentissime
3313 1697 3605 1792 excepit
3665 1694 4256 1790 domiciliumque

709 1822 1076 1916 praebuit.
1177 1821 1468 1894 Deinde
1544 1824 1757 1917 petiit
1832 1847 1877 1893 a
1947 1822 2310 1913 Samuele,
2365 1834 2449 1892 ut
2495 1825 2708 1895 daret
2770 1826 2909 1895 sibi
2955 1826 3234 1898 litteras
3300 1825 3390 1896 ad
3442 1824 3858 1895 Harethum
3924 1823 4070 1895 ebu
4116 1819 4256 1896 Abi

715 1944 1054 2017 Schamri
1105 1944 1528 2017 Gasanitam
1548 1998 1573 2038 ,
1627 1948 1834 2016 cuius
1900 1943 2532 2017 commendatione
2582 1948 2694 2016 uti
2757 1948 3052 2021 volebat
3113 1951 3308 2043 apud
3359 1949 3743 2019 Caesarem
3798 1945 4274 2017 Graecorum·

606 2112 614 2121 ,
717 2093 1034 2166 eumque
1084 2073 1395 2165 rogavit,
1447 2086 1532 2144 ut
1577 2096 1827 2144 secum
1875 2075 2201 2144 mitteret
2247 2074 2491 2144 virum
2545 2071 2875 2163 egregiae
2923 2071 3260 2159 fiduciae,
3314 2072 3433 2141 cui
3478 2070 3885 2141 traditurus
3950 2070 4046 2139 sit
4090 2092 4274 2140 niu-³

715 2192 1006 2285 Herem,
1061 2193 1329 2265 loricas
1382 2206 1459 2266 et
1513 2219 1704 2290 opes.
1819 2194 2112 2266 Deinde
2185 2193 2560 2289 profectus
2633 2206 2744 2265 est
2809 2197 2905 2265 ad
2975 2196 3364 2266 Caesarem
3389 2249 3409 2285 ,
3479 2197 3604 2290 qui
3670 2219 3838 2266 eum
3907 2196 4265 2270 benevole

721 2319 1014 2414 excepit
1072 2320 1285 2415 eique
1352 2321 1875 2393 habitationem
1958 2318 2181 2392 dedit.
2299 2321 2489 2392 Cum
2587 2310 2788 2390 vero'
2855 2321 3259 2413 imperator
3335 2319 3795 2389 Graecorum
3858 2317 4267 2411 collegisset

720 2443 1127 2515 exercitum
1175 2445 1347 2514 satis
1396 2467 1895 2534 numerosum,
1949 2446 2025 2513 in
2077 2465 2383 2536 regnum
2435 2468 2603 2515 eum
2652 2445 3115 2516 restituturus
3135 2497 3158 2537 ,
3211 2446 3327 2519 vir
3376 2445 3666 2539 quidam
3724 2441 4060 2536 Asadita,
4132 2470 4271 2517 cu-

716 2569 837 2665 jus
883 2564 1196 2639 fratrem
1250 2568 1722 2643 interfecerat
1779 2567 2197 2651 Amrulkeis
2219 2622 2240 2660 ,
2313 2571 2609 2639 nomine
2677 2568 3015 2639 Themah
3043 2621 3064 2659 ,
3135 2571 3261 2663 qui
3325 2580 3499 2640 tunc
3561 2571 3914 2664 temporis
3983 2582 4144 2642 erat
4189 2572 4272 2643 in

722 2689 895 2761 aula
945 2691 1319 2781 Caesaris,
1373 2693 2005 2787 criminationibus
2052 2692 2200 2761 suis
2249 2703 2524 2761 tantam
2577 2690 2809 2762 movit
2857 2689 3159 2760 Caesari
3206 2693 3283 2761 in
3331 2688 3879 2764 Amrulkeisum
3929 2694 4274 2790 suspicio·
4319 2663 4337 2684 ’

723 2840 926 2900 nem,
978 2829 1065 2888 ut
1112 2818 1543 2889 decerneret
1590 2817 1765 2888 dolo
1837 2818 2031 2889 malo
2096 2841 2262 2888 eum
2308 2812 2747 2891 interficere.
2845 2813 3051 2886 Misit
3102 2817 3172 2886 ei
3231 2817 3454 2908 igitur
3515 2830 3793 2893 vestem
3840 2832 4274 2896 venenatam

722 2940 855 3014 his.
891 2964 1056 3012 cum
1106 2940 1388 3017 verbis:
1478 2939 1685 3035 »Ego
1748 2938 1886 3011 tibi
1950 2941 2161 3011 mitto
2209 2948 2489 3016 vestem
2538 2965 2819 3033 meam,
2876 2965 3018 3037 qua
3065 2941 3174 3013 fui
3221 2942 3556 3036 indutus,
3608 2957 3686 3016 te
3733 2946 4272 3044 honoraturus;

727 3085 949 3164 quam
1000 3083 1167 3132 cum
1217 3062 1923 3156 acceperis·indue.«
1980 3062 2205 3154 Quod
2253 3088 2417 3133 cum
2459 3064 2587 3135 ille
2635 3065 2952 3160 fecisset,
3008 3092 3208 3157 mox,
3263 3091 3545 3154 veneno
3594 3072 3670 3140 in
3721 3093 3988 3166 corpus
4048 3095 4274 3168 peue-

727 3199 970 3262 trante
991 3242 1015 3281 ,
1083 3189 1467 3259 tormentis
1515 3187 2061 3261 vehementibus
2109 3186 2410 3260 affectus
2459 3192 2875 3285 exspiravit.
2976 3192 3294 3288 Propter
3340 3194 3484 3265 hoc
3531 3197 3789 3267 mortis
3836 3221 4062 3291 genus
4109 3225 4284 3295 cog-

730 3338 1017 3390 nomeu¹
1068 3313 1138 3384 ei
1204 3314 1453 3386 datum
1500 3285 1762 3437 52³⁶„
1794 3304 1926 3420 >⁴32
1989 3313 2133 3405 jam
2204 3336 2426 3407 supra
2487 3331 3161 3390 commemoratum.
3262 3318 3603 3392 Mortuus
3681 3333 3792 3394 est
3854 3325 3931 3394 in
3998 3325 4284 3399 ditione

737 3441 1198 3511 Graecorum
1224 3488 1247 3528 ,
1315 3439 1391 3508 iu
1439 3441 1626 3511 urbe
1690 3440 1807 3510 cui
1856 3462 2127 3510 nomen
2174 3435 2550 3534 Ancyrae,
2633 3452 2714 3511 et
2757 3441 3086 3536 sepultus
3137 3443 3216 3514 in
3265 3455 3515 3516 monte
3562 3444 3735 3516 huic
3783 3447 3954 3519 urbi
4004 3448 4275 3542 vicino,

737 3566 822 3636 in
869 3563 1140 3638 vicinia
1187 3558 1557 3656 sepulchri
1606 3563 1902 3655 reginae
1952 3562 2380 3654 cujusdam.⁸
2649 3565 2656 3572 ’

938 3688 1111 3760 Hac
1174 3699 1411 3760 morte
1475 3689 1818 3760 occidisse
1870 3687 2416 3762 Amrulkeisum
2464 3691 2776 3785 plurimi
2817 3705 3232 3767 constanter
3279 3698 3598 3768 tradunt.
3719 3698 3867 3768 Sed
3924 3697 4288 3771 Abulfeda

739 3813 823 3885 in
871 3811 1271 3906 appendice
1323 3810 1414 3909 ad
1462 3810 1777 3882 Pocock.
1827 3835 2022 3906 spec.
2068 3813 2237 3885 hist.
2288 3813 2509 3885 Arab.
2537 3837 2633 3907 ·p.
2687 3816 2854 3900 446.
2920 3801 3184 3908 dicit,''
3216 3839 3314 3909 ex
3374 3819 3708 3892 versione
3755 3820 3843 3890 cl.
3897 3821 4016 3891 De
4063 3823 4286 3917 Sacy:

752 3934 1092 4006 »Dicitur
1156 3935 1375 4005 etiam
1422 3931 1965 4006 Amrulkeisum
2014 3958 2058 4004 a
2106 3959 2275 4030 rege
2327 3937 2787 4008 Graecorum
2842 3949 3041 4012 veste
3091 3952 3444 4015 venenata
3498 3966 3654 4014 esse
3703 3944 4063 4015 sublatum
4084 3998 4108 4036 ,
4161 3919 4349 4017 sed(

752 4060 1091 4152 equidem
1141 4068 1318 4150 puto
1365 4054 1689 4127 fabulam
1735 4057 1877 4128 hoc
1928 4082 2153 4129 essem
2252 4060 2400 4130 Sed
2448 4087 2613 4133 cum
2666 4087 2783 4135 res
2829 4065 2981 4158 jam
3027 4088 3163 4161 per
3207 4090 3290 4138 se
3340 4070 3510 4140 satis
3560 4070 3657 4142 sit
3705 4071 4114 4146 verisimilis
4153 4095 4292 4167 ego

749 4204 903 4258 non
949 4182 1330 4254 subscribo
1377 4179 2130 4278 Abulfedae·judicio,
2186 4185 2386 4280 quod
2432 4187 2652 4256 etiam
2702 4188 2945 4281 rejicit
2994 4188 3083 4272 cl.
3137 4191 3230 4260 de
3281 4191 3464 4286 Sacy
3510 4191 3560 4276 l.
3614 4217 3674 4262 c.
3723 4217 3796 4287 p.
3849 4201 3932 4279 4¹
3949 4216 4016 4263 0.

948 4303 1286 4376 Reiskius
1350 4304 1427 4374 iu
1492 4304 1825 4399 prologo·
1864 4306 1958 4376 ad
2006 4306 2233 4378 Thar.
2284 4334 2356 4404 p.
2410 4308 2710 4403 XXIII,
2765 4313 3125 4386 disserens
3172 4316 3266 4386 de
3314 4328 3645 4412 tempore
3693 4343 3841 4412 quo
3891 4320 4301 4417 conscripta

752 4428 852 4499 nit
896 4425 1344 4501 Mrulkeisi
1394 4425 1811 4499 Moallakah
1861 4429 2041 4501 haec
2091 4431 2349 4503 habet:
2444 4435 2834 4509 »Sublatus
2899 4450 3009 4510 est
3074 4465 3365 4517 veneno
3433 4442 3848 4515 Amrulkeis
3896 4445 3985 4514 ab
4038 4444 4300 4519 Hera-
4417 4497 4422 4504 ·

753 4548 927 4640 clio,
984 4550 1180 4656 quod
1234 4549 1387 4643 ejus
1435 4574 1880 4646 gynaeceum
1928 4575 2403 4651 corrumpere
2452 4562 2773 4632 tentarit.
2844 4563 3275 4660 Requiritur
3322 4591 3495 4638 sane
3544 4579 3629 4638 ut
3676 4557 4082 4643 amatorem
4133 4595 4300 4644 con·-

757 4671 1107 4766 cipiamus
1157 4696 1306 4744 non
1358 4672 1744 4768 frigidum,
1797 4699 1946 4747 non
1997 4699 2284 4769 canum,
2340 4702 2490 4750 non
2543 4684 3009 4779 edentulum,
3063 4690 3237 4762 licet
3280 4693 3472 4765 bene
3516 4693 3760 4765 norim
3823 4693 4032 4766 illum
4074 4692 4350 4782 juve-⁵,

760 4818 936 4868 nem
981 4820 1133 4867 non
1185 4797 1515 4869 obiisse.«
1621 4798 1743 4869 Ex
1792 4805 1938 4894 quo
1987 4799 2190 4873 fonte
2242 4803 2421 4876 haec
2470 4806 2801 4884 hauserit
2847 4813 3214 4912 Reiskius,
3266 4820 3532 4892 nescio.
3587 4861 3594 4866 -
3633 4818 3918 4893 Omnes
3970 4822 4288 4919 quidem,

724 4940 950 5014 ·quos
1001 4942 1137 5014 ego
1184 4920 1467 5015 inspexi
1486 4971 1510 5012 ,
1565 4934 1895 4996 auctores
1945 4924 2040 4996 de
2089 4924 2225 4996 hac
2276 4949 2362 4999 re
2412 4938 2672 5006 tacent.

954 5046 995 5118 J
1000 5070 1118 5118 am
1163 5047 1554 5124 dicendum
1621 5051 1901 5151 aliquid
1941 5052 2039 5126 de
2101 5063 2438 5153 tempore
2486 5083 2632 5157 quo
2679 5062 2952 5143 vixerit
2997 5063 3445 5162 Amrulkeis,
3495 5078 3575 5140 et
3621 5093 3792 5169 quo.
3818 5071 4315 5172 composuerit
