4659 5900
2232 531 2819 617 ——16—

749 767 801 826 t.
851 753 986 824 IV.
1013 779 1082 849 p.
1119 754 1287 830 513.
1344 750 1735 825 Hal-belot.
1794 751 1972 824 bibl.
2026 749 2316 822 Orient.
2371 762 2425 822 t.
2472 747 2608 820 111.
2668 773 2739 843 p.
2788 750 2955 820 625.
3018 747 3266 819 Reisk.
3320 749 3601 844 prolog.
3658 748 3749 819 ad
3794 747 4018 817 Thar.
4066 773 4137 842 p.
4192 746 4294 818 X.

749 878 1005 949 Menil.
1055 878 1335 972 prolog.
1386 879 1475 947 ad
1511 878 1859 949 Antaram
1887 902 1956 972 p.
1994 881 2112 953 30.
2166 876 2358 947 Cum
2388 875 2689 945 Zuzenii
2720 877 3245 945 commentario
3276 874 3366 950 cl.
3400 874 3517 945 De
3540 876 3726 968 Sacy
3761 875 3991 947 edidit
4027 873 4300 947 Lebidi.

752 1001 1236 1088 Moallakarn‚
1295 1002 1640 1072 Menilius
1686 1002 2038 1073 Antaram
2084 1012 2160 1071 et
2210 1000 2298 1071 cl.
2348 998 2919 1092 Kosegartenius
2962 995 3321 1068 Amruum
3374 1000 3518 1070 ben
3586 996 3976 1068 Kelthum.

950 1125 1155 1195 Inter
1202 1136 1483 1195 ceteros
1552 1136 2165 1196 commentatores
2217 1123 2576 1193 notissimi
2628 1133 2799 1192 sunt
2857 1119 3292 1215 Tebrizius,
3368 1121 3506 1193 Ibn
3539 1122 3788 1195 Nahas
3822 1132 3898 1192 et
3939 1121 4074 1193 Ibn
4118 1120 4296 1195 He·—

752 1247 1020 1317 scham.
1119 1247 1235 1318 De
1290 1248 1641 1319 'febrizio
1704 1246 1798 1318 cf.
1847 1247 2226 1318 Reiskium
2267 1270 2343 1340 p.
2407 1244 2504 1319 V.
2557 1245 2946 1318 Herbelot.
2995 1246 3169 1323 bibl.
3224 1246 3509 1321 Orient.
3564 1248 3699 1317 ΙΙΙ.
3739 1272 3810 1342 p.
3870 1246 4037 1316 565.
4097 1247 4290 1319 Cum

752 1371 907 1461 ejus
942 1372 1468 1442 commentario
1506 1370 1747 1442 Reisk.
1782 1371 2010 1441 edidit
2046 1370 2518 1463 Tharapham
2565 1371 2860 1465 ejusque
2897 1344 3500 1442 commentarium
3537 1372 3630 1442 ad
3662 1371 4054 1444 Zohairum
4091 1371 4298 1443 exhi—

750 1495 913 1567 buit
959 1496 1605 1588 Rosenmiillerus,
1680 1496 1808 1567 sed
1875 1520 2023 1566 non
2071 1495 2462 1588 integrum.
2563 1493 2874 1565 De'lbn
2934 1493 3327 1566 Hescham.
3393 1492 3784 1565 cf..Reisk.
3846 1520 3917 1590 p.
3982 1495 4120 1567 XI.
4174 1496 4298 1567 De

747 1619 1042 1691 Nahaso
1083 1621 1177 1692 cf.
1210 1622 1457 1692 Reisk.
1511 1647 1583 1715 p.
1627 1619 1765 1690 IX.
1864 1621 2048 1715 Ejus
2096 1619 2702 1693 commentarium
2737 1618 2829 1687 ad
2870 1616 3315 1690 Amrulkeisi
3361 1638 3659 1689 carmen
3699 1618 3906 1691 dedit
3968 1619 4290 1723 Lettius,

748 1745 875 1813 sed
911 1756 1339 1839 corruptum
1383 1757 1458 1815 et
1493 1744 1779 1815 mendis
1814 1745 2310 1838 depravatum.
2411 1743 2622 1833 Quae
2656 1765 2750 1812 ex
2781 1740 2937 1835 ejus
2965 1741 3490 1813 commentario
3526 1744 3742 1837 digua
3778 1744 4028 1839 putavi
4073 1770 4288 1815 com-

744 1869 1319 1959 memoratione,
1377 1869 1707 1961 excerpsi
1755 1867 1835 1936 in
1874 1865 2485 1938 annotationibus.
2590 1866 2945 1936 Ceterum
2976 1878 3130 1936 tres
3157 1866 3266 1936 illi
3318 1878 3926 1940 commentatores
3968 1868 4293 1961 ejusdem

741 1989 906 2062 fere
951 1993 1235 2084 generis
1268 2003 1456 2062 sunt.
1558 1989 1968 2064 Versantur
2004 1950 2319 2063 maxime
2361 1992 2443 2061 iu
2493 1988 2789 2082 singulis
2826 1989 3130 2063 vocibus
3162 1989 3604 2085 explicandis
3629 2042 3652 2081 ‚
3709 2016 3980 2064 nexum
4004 2006 4296 2071 senten·-

743 2094 1115 2205 ‘tiarumet
1137 2117 1642 2209 grammaticas
1692 2115 2155 2188 difficultates
2191 2138 2453 2211 parum
2499 2125 2888 2191 curantes„

939 2239 1033 2309 In
1086 2241 1602 2311 enumerandis
1654 2243 1993 2314 carminis
2045 2242 2280 2311 nostri
2330 2238 2773 2309 editionibus
2819 2250 2896 2309 et
2942 2238 3470 2329 versionibus,
3545 2239 3866 2335 primum
3908 2242 4294 2316 dicendum

744 2371 857 2433 est
883 2361 974 2431 de
1008 2362 1327 2432 editione
1358 2363 1584 2433 Lettii
1605 2415 1626 2452 ,
1678 2387 1866 2458 quae
1891 2364 1995 2435 ita
2040 2365 2389 2457 inscripta
2411 2371 2551 2434 est:
2636 2362 2901 2453 „Caab
2941 2363 3086 2433 ben
3134 2363 3405 2433 Zobeir
3442 2385 3737 2434 carmen
3773 2369 4291 2461 panegyricum

744 2487 824 2555 in
868 2485 1162 2558 laudem
1200 2487 1738 2560 Muhammedis
1762 2541 1784 2580 ,
1836 2490 2016 2559 item
2054 2487 2501 2560 Amrulkeisi
2532 2484 2997 2576 Moallakah3
3050 2510 3217 2555 cum
3243 2484 3535 2556 scholiis
3582 2499 3658 2557 et
3695 2486 4033 2561 versione
4064 2491 4288 2563 Levi-

746 2610 831 2680 ni
873 2610 1253 2705 Warneri.
1296 2612 1678 2683 Accedunt
1700 2613 2119 2684 ‘sententiae
2152 2612 2509 2685 Arabicae
2541 2611 3004 2704 imperatoris
3032 2608 3156 2680 Ali
3186 2621 3263 2679 et
3299 2610 3651 2681 nonnulla
3687 2635 3782 2681 ex
3813 2611 4187 2686 Hamasah
4221 2627 4296 2686 et

746 2733 995 2807 Divau
1040 2734 1630 2829 Hudeilitarum3
1700 2736 1941 2807 omnia
1981 2760 2023 2805 e
2062 2760 2273 2807 mssc.
2302 2735 2638 2805 biblioth.
2703 2737 3021 2808 Batavae
3067 2732 3341 2823 edidit,
3395 2735 3619 2805 vertit
3659 2738 3992 2832 notisque
4028 2739 4298 2811 illustr.

761 2858 1080 2931 Gerard.
1126 2861 1394 2931 Ioann.
1422 2860 1660 2930 Lette.
1688 2859 2024 2954 Lugdun.
2060 2859 2216 2929 Bat.
2259 2884 2374 2956 ap.
2405 2858 2639 2930 Nicol.
2672 2858 2954 2931 Moens.
3005 2859 3188 2951 1748
3228 2858 3541 2952 (1747)“
3600 2859 3861 2933 Statim
3897 2875 4286 2960 postquam

754 2984 1031 3081 prodiit
1098 2985 1280 3056 haec
1341 2985 1562 3056 editio
1590 3037 1613 3076 ,
1702 2984 2037 3055 Reiskius
2084 2984 2284 3055 dedit
2340 2985 2775 3056 acerrimam
2816 2984 2970 3076 ejus
3021 3007 3401 3057 censuram
3436 2983 3515 3054 in
3563 3004 3728 3059 nov.
3765 2997 3901 3057 act.
3939 2960 4293 3062 eruditor.

700 3149 703 3154 ·
756 3135 824 3179 a.
871 3114 1079 3201 1747.
1109 3134 1181 3202 p.
1219 3108 1664 3199 679-701.
1760 3106 2169 3204 Respondit
2208 3108 2495 3179 Lettius
2528 3110 2605 3179 in
2641 3107 3096 3205 praefatione
3137 3109 3228 3178 ad
3260 3107 3800 3183 observationes
3836 3111 3916 3182 in
3947 3113 4176 3186 Mosis
4220 3127 4300 3186 et

751 3232 1100 3305 Deborae
1174 3233 1477 3302 cantica.
1537 3229 1808 3303 Postea
1842 3230 2177 3302 Reiskius
2235 3233 2391 3325 ipse
2442 3229 2809 3325 professus
2844 3244 2980 3321 est,
3031 3255 3111 3304 se
3152 3233 3596 3328 iniquiorem
3636 3233 3861 3308 fuisse
3904 3241 3980 3310 in
4034 3231 4293 3311 Lettio

670 3436 675 3441 ,
750 3356 1384 3452 reprehendendo.
1485 3353 1634 3425 Sed
1663 3367 1913 3426 tamen
1951 3354 2267 3449 plurima
2303 3368 2474 3426 sunt
2512 3357 2590 3426 in
2623 3357 2758 3427 hac
2793 3356 3148 3448 editione,
3202 3382 3387 3452 quae
3425 3363 3689 3433 merito
3729 3367 4283 3460 reprehendan-

748 3493 900 3551 tur.
999 3471 1085 3549 In
1125 3490 1333 3550 textu
1357 3477 1726 3552 vocalibus
1761 3480 2191 3551 instruendo
2225 3479 2510 3551 Lettius
2545 3482 2815 3574 primas
2843 3483 3354 3573 grammaticae
3392 3486 3680 3579 regulas
3719 3490 4072 3583 neglexit,
4121 3514 4290 3561 me·-

750 3606 854 3676 tri
890 3602 1188 3674 omnino
1234 3601 1512 3673 nullam
1569 3601 1931 3674 rationem
1969 3604 2228 3675 habuit
2251 3656 2275 3695 ,
2346 3606 2543 3677 unde
2581 3602 2856 3676 factum
2899 3618 3034 3696 est,
3089 3620 3173 3680 ut
3208 3610 3563 3704 plurimos
3588 3634 3842 3688 versus
3880 3615 4068 3685 male
4098 3615 4299 3688 divi-

752 3727 958 3798 serit.
1013 3726 1306 3798 Scholia
1331 3737 1501 3798 sunt
1523 3727 1803 3797 mendis
1828 3725 2044 3821 plena
2068 3779 2091 3817 ,
2145 3728 2247 3797 ita
2276 3737 2361 3798 ut
2385 3741 2724 3824 appareat
2740 3728 3063 3801 Lettium
3086 3732 3319 3826 ipsum
3343 3757 3431 3806 ea
3464 3760 3614 3807 non
3644 3737 4106 3810 intellexisse.
4156 3740 4303 3811 Ad-

754 3852 1163 3922 notationes
1208 3851 1494 3921 criticas
1545 3851 1844 3921 omnino
1894 3874 2042 3921 non
2085 3851 2324 3930 dedit,
2396 3877 2561 3922 cum
2598 3864 2844 3924 tamen
2872 3851 3065 3925 dicat
3090 3868 3403 3950 quatuor
3448 3835 3587 3933 sibi
3623 3862 3833 3933 codd.
3873 3864 3963 3936 ad
3999 3888 4296 3936 manum

749 3973 994 4046 fuisse.
1094 3972 1185 4043 In
1216 3973 1408 4044 notis
1442 3972 1795 4068 quaedam
1829 3972 2022 4044 bona
2067 3971 2287 4042 aflert
2324 3997 2369 4045 e
2403 3967 2878 4070 scriptoribus
2915 3979 3245 4051 Arabicis
3280 4006 3432 4053 non
3472 3985 3857 4080 impressis.
3912 3989 4060 4060 Sed
4087 4013 4300 4060 sum-

755 4121 960 4170 mum
991 4097 1146 4192 ejus
1177 4096 1495 4168 studium
1520 4097 1662 4166 hoc
1695 4108 1831 4189 est,
1883 4110 1968 4168 ut
2023 4096 2344 4190 linguam
2404 4098 2850 4176 Hebraicam
2880 4125 2974 4174 ex
3013 4105 3327 4179 Arabica
3373 4097 3693 4181 illustret
3714 4163 3736 4202 ‚
3792 4113 3988 4206 quod
4023 4114 4092 4182 ei
4124 4111 4302 4206 ple-

749 4243 1066 4315 rumque
1116 4221 1289 4291 satis
1336 4217 1727 4292 infeliciter
1786 4220 2000 4292 cedit.
2100 4220 2342 4293 Notae
2377 4225 2456 4293 in
2488 4225 2820 4300 Caabum
2871 4249 3098 4322 vero,
3144 4238 3713 4327 praestantiores
3767 4248 3937 4309 sunt
3980 4237 4172 4307 notis
4223 4236 4308 4306 in

748 4344 1318 4419 Amrulkeisum.

946 4468 1377 4540 Accuratius
1423 4476 1750 4539 versatus
1789 4478 1898 4539 est
1940 4468 2019 4539 in
2071 4479 2329 4541 nostro
2365 4473 2690 4545 carmine
2738 4475 3024 4548 edendo
3070 4479 3411 4555 William
3464 4482 3723 4575 Iones,
3790 4482 4108 4576 Anglus,
4180 4485 4304 4557 vir

745 4591 1124 4670 doctrinae
1179 4589 1391 4684 copia
1448 4589 1787 4694 insignis,
1881 4591 2000 4660 cui
2063 4588 2413 4664 debemus
2464 4599 2790 4670 omnium
2839 4601 3107 4696 horum
3156 4608 3562 4680 carminum
3614 4608 4054 4696 editionem,
4111 4628 4299 4702 quae

742 4715 1024 4811 prodiit
1080 4714 1397 4787 Londini
1442 4716 1521 4784 in
1574 4719 1720 4799 4to.
1776 4715 1911 4785 sub
1952 4713 2109 4785 hoc'
2148 4716 2383 4789 titulo.
2465 4720 2695 4810 „The
2740 4723 3175 4818 Moallakat,
3229 4753 3320 4800 or
3362 4754 3582 4806 seven
3624 4731 3950 4803 Arabian
4002 4729 4296 4823 Poems,

737 4838 983 4912 which
1013 4861 1214 4912 were
1250 4835 1659 4932 suspended
1687 4859 1784 4907 on
1815 4835 1942 4907 the
1978 4838 2246 4933 temple
2281 4850 2357 4911 at
2390 4841 2644 4917 Mecca
2673 4873 2695 4938 3
2745 4850 2928 4921 with
2957 4875 2999 4922 a
3028 4853 3499 4926 Translation
3529 4857 3675 4928 and
3699 4847 4224 4950 Arguments.“

724 4963 975 5062 (Inest
1040 4965 1267 5037 etiam
1305 4975 1363 5035 t.
1409 4962 1511 5036 X.
1555 4965 1672 5038 ed.
1724 4986 1890 5038 nov.
1939 4986 2100 5057 opp.
2142 4960 2298 5035 Ion.
2336 4965 2513 5065 8to.)
2611 4969 2971 5047 Exhibuit
3030 4977 3358 5050 Ionesius
3409 4980 3815 5051 carminum
3870 4990 4296 5073 argumenta

734 5095 1159 5170 versionem
1214 5103 1291 5166 et
1332 5099 1619 5168 textum
1650 5089 1808 5165 sine
1846 5087 2057 5161 notis.
2160 5088 2445 5163 Texms
2487 5090 2735 5168 latinis
2768 5096 3042 5173 littoris
3068 5111 3178 5173 est
3207 5124 3592 5199 expressus
3607 5155 3636 5202 ,
3685 5106 3791 5176 ita
3823 5115 3909 5177 ut
3943 5101 4306 5177 difficilli-
