4659 5900
1986 584 2581 643 ...11—

470 786 548 852 et
592 774 843 873 lingua
908 777 1474 873 impugnaverat.
1582 773 1963 873 apponam
2028 798 2223 850 nunc
2283 776 2514 851 verba
2559 800 2606 850 e
2669 775 2864 849 libro
2921 776 3276 873 inscripto
3300 803 3335 843 ιο
3428 775 3721 848 human.
3785 772 4010 847 litter.

471 924 733 996 gemm.
783 911 921 972 etc.
976 898 1296 972 Auctore
1359 897 1713 973 Abubekr
1758 901 1906 973 ben
1952 897 2437 974 Abdelmalek
2511 898 2844 976 Almocri
2915 926 3012 975 ex
3055 903 3395 978 versione
3441 923 3660 997 quam
3712 897 4012 973 exhibet

476 1022 710 1095 Casir.
759 1021 934 1093 bibl.
986 1022 1244 1094 Escur.
1296 1034 1351 1094 t.
1401 1023 1462 1094 1.
1511 1046 1582 1119 Ρ.
1634 1043 1757 1116 9¹·
1857 1023 2230 1095 Enarrato
2298 1051 2694 1125 progressu
2754 1029 2936 1101 artis
2983 1029 3314 1124 poeticae
3360 1027 3558 1123 apud
3605 1022 3888 1100 Arabes
3933 1035 4012 1097 ct

469 1148 908 1221 enumeratis
954 1150 1193 1242 poetis
1243 1169 1503 1219 eornm
1550 1147 2180 1243 praestantissimis
2211 1148 2316 1221 ita
2358 1152 2601 1246 pergit
2617 1174 2682 1221 εει
2795 1150 3140 1225 »Horum
3184 1148 3846 1247 praestantissimus
3895 1146 4010 1239 ju-

460 1274 619 1346 dice
667 1273 1095 1346 Ferzadako
1145 1284 1259 1346 est
1303 1272 1741 1347 Amrulkcis.
1839 1271 1990 1348 Alii
2038 1274 2439 1346 Zohairum
2489 1273 2744 1347 dicunt
2764 1326 2788 1367 ,
2840 1273 2964 1345 alii
3011 1273 3418 1368 Nabegam,
3472 1273 3600 1343 alii
3646 1270 4013 1344 Amruum

458 1398 606 1471 ben
671 1395 1054 1469 Kelthum.
1173 1394 1569 1470 Aca‹'emia
1615 1395 1995 1485 Basrensis
2042 1397 2489 1494 principium
2537 1397 2800 1470 tribuit
2846 1396 3344 1490 Ammlkeiso‚
3393 1394 3805 1491 Kuphensis
3850 1390 4012 1487 Ag·-

455 1518 751 1611 schaeo‚
800 1518 1116 1616 populus
1165 1516 1576 1591 Hcdschasi
1623 1518 1946 1594 Zohairo
1994 1531 2071 1593 et
2117 1521 2478 1619 Nabegae.
2594 1522 3017 1597 Amrulkeis
3084 1534 3370 1596 ceteros
3426 1522 3718 1620 poetica
3783 1519 4007 1591 laude

456 1651 784 1738 praestat
843 1640 911 1714 si
973 1664 1245 1739 equum
1307 1641 1687 1715 adscendit
1705 1696 1731 1736 ,
1798 1643 2159 1717 Zohairus
2232 1650 2298 1718 si
2362 1648 2687 1720 carmina
2752 1648 3109 1719 amatoria
3153 1645 3400 1719 fundit
3418 1697 3444 1737 ,
3496 1643 3784 1718 Alnabe
3794 1667 3883 1737 ga
3949 1641 4016 1713 si

452 1766 795 1861 moralia,
843 1765 1332 1862 Alagschaeus
1378 1768 1444 1840 si
1489 1767 1712 1860 laeta,
1762 1766 2043 1843 Antara
2087 1772 2153 1844 si
2200 1774 2400 1844 acria
2448 1784 2526 1844 et
2572 1771 2909 1864 satirica,
2962 1769 3353 1845 Dschariri
3369 1821 3395 1862 ,
3496 1770 3561 1841 si
3609 1768 4015 1841 vehemen-

459 1903 572 1966 tes
619 1892 767 1964 iras
815 1903 1183 1967 exercet«
1288 1892 1579 1969 Ultimo
1641 1894 1806 1968 loco
1856 1920 2216 1993 apponam
2260 1898 2613 1997 judicium
2635 1952 2659 1991 ,
2726 1920 2877 1972 non
2944 1897 3073 1971 diu
3135 1907 3301 1994 post
3348 1895 3506 1989 ejus
3553 1904 3871 1967 mortem
3919 1893 4016 1964 ab

454 2017 821 2095 Arabibus
839 2018 1100 2113 lehun,
1152 2030 1239 2093 ut
1285 2019 1522 2094 refert
1550 2019 1954 2096 Mobarred
2001 2026 2080 2097 in
2115 2022 2410 2119 ¹Kamel.
2457 2047 2529 2120 Ρ.
2559 2023 2685 2117 57,
2740 2021 2940 2119 quod
3014 2020 3352 2095 exhibuit
3395 2018 3644 2090 Reisk.
3691 2018 3772 2088 in
3819 2015 4013 2112 prol.

460 2145 558 2220 ad
607 2144 839 2220 Ther.
884 2172 958 2245 p.
1010 2145 1315 2222 XXIV:
1374 2146 1658 2220 «Omar
1703 2148 2094 2245 aliquando
2160 2149 2462 2244 rogabat
2482 2200 2507 2240 ,
2597 2148 2761 2243 quis
2826 2145 3156 2220 Arabum
3202 2156 3395 2219 esset
3439 2141 4017 2227 liberalissimus,

452 2268 973 2367 Respondetur
1022 2268 1325 2344 Hatem.
1422 2268 1668 2345 Porro
1733 2273 1897 2370 quis
1964 2272 2579 2356 Ποιητικῶτατοᾶ.
2679 2272 3196 2368 Respondemr
3258 2269 3699 2343 Amrulkeis.
3798 2265 4017 2371 ’ζωι-

454 2398 631 2472 dem
676 2397 840 2497 quis
887 2397 1161 2492 gladius
1211 2419 1470 2468 eorum
1519 2398 2217 2492 penetrantissimus.
2314 2399 2689 2497 Respond.
2735 2396 3233 2473 Samsamaha«
3837 2370 3846 2381 ⁶

642 2521 793 2594 Sed
837 2521 988 2616 jam
1036 2521 1133 2592 ad
1175 2543 1473 2593 carmen
1519 2530 1860 2593 nostrum
1920 2531 2397 2597 transeamus.
2500 2525 2858 2618 Quamvis
2906 2522 3204 2595 differat
3252 2522 3439 2593 ordo
3459 2571 3483 2612 ,
3539 2508 3696 2615 quo'
3734 2528 4020 2615 septem

456 2640 863 2720 Moallakat
906 2645 987 2717 in
1035 2647 1344 2722 diversis
1393 2654 1765 2730 codicibus
1822 2644 2281 2721 collocantur
2327 2658 2406 2720 et
2451 2647 2783 2744 quamvis
2805 2698 2830 2740 ,
2882 2669 2977 2718 ex
3024 2642 3307 2717 Reiskii
3363 2642 3723 2714 sententia
3745 2693 3770 2733 ,
3837 2640 4017 2714 Am·-

340 2832 351 2861 ,
436 2772 713 2845 rulkeis
760 2785 994 2846 aetate
1047 2780 1290 2852 minor
1337 2781 1430 2852 sit
1481 2782 1819 2855 omnibus
1867 2778 2401 2853 Moallakarum
2451 2769 2898 2861 auctoribus,
2950 2776 3260 2863 excepto
3286 2764 3603 2858 Lebido,
3653 2775 3904 2836 tamen
3935 2764 4017 2835 in

457 2898 797 2973 omnibus
844 2899 1053 2975 libris
1100 2926 1315 2976 mssc.
1411 2903 1833 2979 Amrulkeis
1882 2926 2182 3001 gregem
2224 2899 2453 2990 ducit,
2507 2897 2713 2992 cujus
2766 2896 2884 2968 rei
2960 2916 3181 2967 causa
3239 2889 3558 2965 fortasse
3620 2891 3806 2963 haec
3866 2901 4009 2983 est,

451 3021 654 3121 quod
708 3021 929 3118 hujus
997 3025 1421 3099 collectonis
1479 3040 1817 3101 auctores
1882 3041 2150 3125 poetae
2195 3033 2491 3116 nostro,
2565 3033 2920 3118 tanquam
2969 3021 3298 3093 omnium
3361 3017 4017 3114 praestantissimo,

446 3142 771 3243 primum
820 3147 1065 3219 locum
1132 3149 1315 3221 dare
1373 3150 1739 3224 volebant.
1801 3148 1896 3223 cf.
1958 3153 2055 3223 de
2129 3148 2392 3221 ordine
2412 3198 2438 3239 ,
2511 3170 2659 3242 quo
2709 3157 2992 3242 septem
3056 3144 3241 3216 haec
3302 3142 3633 3213 carmina
3677 3141 3756 3211 in
3806 3139 4019 3211 codd.

449 3269 908 3344 collocantur
930 3323 953 3364 ‚
1022 3272 1281 3345 Menil:
1351 3275 1431 3346 in
1496 3276 1820 3371 prolegg.
1890 3274 1986 3348 ad
2040 3274 2281 3349 Antar
2340 3298 2413 3369 p.
2491 3293 2587 3344 ao
2649 3296 2807 3366 sqq.
2869 3267 3119 3341 Reisk.
3169 3268 3451 3366 prolog.
3507 3266 3614 3337 ‘ad
3661 3265 3893 3338 Ther.
3942 3288 4017 3358 Ρ.

458 3392 758 3466 XXIII.
857 3393 1169 3469 Pocock.
1217 3422 1409 3494 spec.
1460 3398 1627 3471 hist.
1677 3399 1898 3474 Arab.
1963 3425 2033 3495 Ρ.
2105 3400 2274 3474 365.
2325 3398 2449 3471 De
2511 3399 2697 3493 Sacy
2752 3396 2834 3468 in
2921 3394 3200 3468 notices
3275 3404 3354 3466 et
3403 3391 3707 3465 extraits
3768 3400 3908 3463 etc.
3957 3401 4015 3461 t.

461 3515 578 3590 lv
623 3543 697 3616 Ρ.
749 3520 1197 3617 509—517.

601 3645 743 3718 Est
787 3646 930 3718 hoc
982 3669 1279 3721 carmen
1323 3669 1420 3719 ex
1466 3674 1560 3721 eo
1608 3671 1903 3743 genere,
1958 3648 2155 3744 quod
2187 3646 2474 3722 Arabes
2522 3658 2786 3719 vocant
2821 3643 3132 3718 Kazida.
3188 3640 3363 3716 Hoc
3409 3649 3829 3738 poematum
3867 3659 4010 3734 ge-

440 3792 579 3842 nus
612 3769 1009 3867 praecipue
1054 3767 1420 3844 Arabibus
1459 3773 1833 3846 excultum
1880 3786 2012 3844 est.
2083 3772 2383 3842 Primus
2419 3793 2509 3843 eo
2547 3793 2720 3841 usus
2754 3780 2866 3841 est
2893 3766 3301 3840 Mohalhel.
3351 3764 3445 3839 cf.
3479 3762 3774 3837 Pocock
3819 3786 4013 3859 spec.

450 3894 618 3966 hist.
667 3892 894 3969 Arab.
918 3918 993 3996 p.
1052 3896 1214 3966 161.
1262 3895 1580 3970 Praeter
1625 3909 1903 3994 septem
1955 3895 2494 3969 Moallakarum
2546 3905 2886 3965 auctores
2934 3916 3147 3985 vero,
3199 3891 3514 3965 feliciter
3563 3889 3639 3962 in
3689 3911 3779 3959 eo
3831 3909 4015 3963 ver-

457 4017 597 4090 sati
644 4031 818 4092 sunt
865 4018 1173 4114 Tegrai,
1228 4021 1431 4094 Caab
1478 4021 1621 4093 ben
1671 4023 1970 4116 Zoheir‚
2021 4019 2354 4115 Abilola‚
2409 4018 2680 4116 aliique
2732 4017 2968 4089 multi.
3051 4018 3261 4089 Intra
3307 4013 3578 4087 nullius
3624 4034 4014 4105 argumen-

446 4139 513 4213 ti
571 4140 759 4216 fines
804 4143 950 4215 hoc
996 4167 1225 4238 genus
1275 4145 1689 4217 restrictum
1738 4158 1877 4237 est,
1927 4146 2059 4217 sed
2108 4146 2227 4221 vel
2291 4155 2708 4242 praccepta,
2762 4143 2879 4217 vel
2948 4140 3483 4238 querimoniam
3505 4188 3530 4230 ,
3581 4136 3703 4212 vel
3746 4135 4019 4207 lauda-

452 4264 761 4357 tionem,
812 4266 938 4342 vel
985 4267 1287 4340 delicias
1336 4293 1423 4340 ac
1470 4268 1696 4363 lusus,
1750 4269 1868 4341 vel
1918 4269 2532 4365 vituperationem
2602 4279 2848 4362 potest
2908 4264 3315 4360 complecti.
3428 4259 3677 4354 Hujus
3722 4261 4013 4355 generis

459 4399 798 4485 poemata
844 4390 1117 4463 debent
1163 4415 1320 4464 esse
1369 4391 1703 4465 modicae
1751 4394 2289 4487 magnitudinis.
2391 4392 2596 4464 Raro
2671 4413 2897 4486 supra
2971 4400 3267 4462 centum
3314 4407 3572 4460 versus
3617 4386 4012 4482 progredi-

452 4521 680 4583 untur
730 4523 808 4586 et
855 4513 1258 4586 consistunt
1303 4513 1502 4585 infra
1566 4515 1841 4610 viginti.
1943 4516 2165 4609 Quod
2220 4517 2317 4587 ad
2367 4515 2690 4589 formam
2741 4515 3032 4606 attinet,
3086 4536 3344 4589 versus
3395 4522 3682 4584 constat
3725 4509 4016 4583 duobus

446 4635 921 4710 hemistichiis
970 4648 1047 4710 et
1092 4650 1206 4711 est
1253 4640 1495 4736 potius
1540 4662 1681 4735 pro
1731 4639 2042 4712 disticho
2100 4639 2481 4712 habendus
2501 4692 2524 4732 ‚
2601 4664 2823 4736 quam
2894 4661 3034 4736 pro
3096 4658 3320 4710 versu
3366 4634 3701 4729 simplici.
3798 4632 4012 4706 Haec

448 4757 758 4832 disticha
819 4761 1122 4835 omnino
1171 4763 1381 4860 paria
1428 4773 1598 4836 sunt
1616 4814 1639 4855 ,
1692 4763 1836 4835 nisi
1883 4763 2080 4859 quod
2140 4764 2512 4860 posterius
2580 4764 3004 4861 rhythmum
3053 4761 3347 4833 finalem
3397 4759 3690 4831 habere.
3724 4759 4010 4846 debeat,

443 4884 570 4982 qui
619 4906 917 4980 semper
963 4886 1161 4959 idem
1208 4899 1461 4960 manet
1510 4889 1683 4963 inde
1728 4914 1773 4960 a
1823 4887 2169 4961 carminis
2216 4888 2433 4961 initio
2481 4911 2714 4984 usque
2762 4885 2859 4959 ad
2930 4884 3177 4958 finem.
3281 4883 3369 4955 In
3435 4887 3678 4979 primo
3724 4893 4010 4953 tantum

439 5029 661 5081 versu
707 5010 911 5104 prius
960 5008 1501 5084 hemistichium
1550 5014 1967 5109 saepissime
2003 5015 2445 5093 terminatur
2478 5015 2739 5087 eodem
2773 5011 3098 5109 rhythmi
3132 5011 3363 5100 exitu,
3399 5011 3524 5106 qni
3557 5010 3836 5080 obtinet
3875 5028 4009 5099 per

444 5143 679 5206 totum
700 5151 1026 5208 carmen.
1052 5136 1143 5207 cf.
1163 5138 1414 5209 dehoc
1441 5161 1777 5211 versuum
1791 5160 2062 5235 genere
2112 5137 2352 5212 Iones.
2407 5164 2602 5236 poss.
2639 5139 2866 5213 Asiat-
2910 5133 3419 5211 commentarii
3473 5156 3638 5230 opp.
3672 5145 3720 5206 t.
3773 5131 3879 5205 VI
3934 5158 4006 5229 p.
