4659 5900
1935 665 2523 719 ...21—

441 849 536 925 V.
592 852 708 921 5ο.
804 847 1029 923 Mane
1099 848 1251 944 jam
1327 852 1702 946 profectus
1752 876 1940 942 sum,
1990 878 2159 924 cum
2212 875 2380 927 aves
2433 852 2671 957 adhuc
2727 861 2966 921 essent
3013 848 3094 919 in
3141 849 3330 920 nidis
3380 848 3527 920 suis
3558 900 3582 939 ,
3661 845 3985 921 insidens

783 1000 972 1069 equo
1019 975 1360 1048 brevium
1411 978 1758 1072 pilorum,
1817 978 2106 1051 vincula
2154 976 2335 1049 feris
2383 977 2764 1069 injicienti,
2818 997 3150 1069 procero.

448 1097 542 1173 V.
597 1099 708 1169 51.
808 1098 1128 1170 Idoneus
1178 1111 1288 1171 est
1338 1101 1457 1171 hic
1509 1126 1739 1195 equus
1791 1112 1866 1172 et
1913 1114 2217 1195 paratus
2264 1101 2359 1173 ad
2399 1088 2764 1195 ‘impetum
2812 1112 2887 1170 et
2935 1100 3027 1169 ad
3077 1097 3368 1192 fugam,
3421 1070 3642 1169 simul
3689 1109 3996 1170 antror-

767 1246 933 1296 sum
995 1247 1074 1296 se
1161 1237 1602 1298 convertens
1688 1238 1763 1295 et
1832 1239 2238 1299 retrorsum
2262 1278 2284 1317 ,
2368 1237 2452 1298 ut
2522 1224 2704 1319 lapis
2754 1247 3052 1317 magnus
3115 1233 3409 1345 petrae,
3474 1246 3693 1320 quem
3742 1247 3786 1296 o
3831 1222 3997 1297 loco

770 1350 1156 1441 superiore
1211 1348 1477 1442 dejecit
1525 1362 1837 1420 torrens.

433 1467 526 1542 V.
581 1471 702 1541 52.
805 1468 1210 1562 Subrufus,
1285 1496 1329 1542 a
1393 1474 1598 1567 cujus
1669 1475 1894 1545 dorso
1975 1472 2237 1544 defluit
2316 1483 2675 1561 stratum,
2775 1469 2881 1541 ita
2944 1480 3032 1541 ut
3090 1482 3306 1567 petra
3367 1470 3593 1547 laevis
3661 1481 3738 1543 et
3807 1470 3997 1541 dura

771 1594 1091 1665 demittit
1139 1595 1242 1684 id,
1300 1596 1500 1692 quod
1548 1596 1744 1668 cadit
1793 1600 1867 1668 in
1924 1622 2104 1668 eam.

442 1715 541 1790 V.
597 1719 718 1789 55.
821 1718 1113 1791 Insideo
1162 1743 1353 1815 equo
1405 1721 1707 1813 gracili,
1764 1723 2165 1812 aestuanti,
2219 1721 2426 1813 cujus
2470 1719 2837 1806 hinnitus,
2906 1718 3175 1791 ardore
3239 1714 3395 1814 ejus
3441 1718 3998 1813 effervescente,

797 1824 1184 1937 frangitur
1231 1847 1311 1914 in
1359 1858 1691 1940 pectore,
1745 1857 1830 1917 ut
1878 1846 2027 1917 olla'
2073 1846 2449 1916 ebulliens.

425 1963 522 2039 V.
578 1966 695 2053 54.
796 1967 1052 2038 Effuse
1103 1969 1378 2059 currit,
1434 1992 1601 2038 cum
1671 1970 1842 2065 equi
1894 1981 2265 2041 natatores
2336 1969 2489 2073 jam
2552 1966 2818 2042 defessi
2882 1972 3202 2043 excitant
3246 1971 3628 2068 pulverem
3675 1971 3753 2041 in
3802 1980 4007 2042 terra

780 2093 964 2164 dura
1012 2093 1316 2187 pedibus
1364 2088 1672 2188 pulsata⁴

432 2213 526 2288 V.
580 2216 699 2285 55.
803 2216 916 2286 La
924 2241 1138 2310 psare
1201 2216 1382 2289 facit
1435 2218 1781 2311 juvenem
1847 2218 2091 2293 levem
2152 2217 2247 2289 de
2281 2190 2517 2315 &rgo
2577 2240 2714 2289 suo
2767 2214 3098 2315 tollitque
3173 2231 3411 2294 vestes
3459 2220 3606 2296 viri
3689 2218 3861 2290 duri
3937 2229 4016 2290 et

786 2343 1049 2436 gravis.
1178 2352 1185 2361 '

430 2462 525 2538 V.
577 2466 692 2541 56
790 2467 1018 2559 Agilis
1100 2480 1211 2540 est
1234 2521 1257 2560 ,
1358 2478 1443 2540 ut
1505 2465 1874 2539 orbiculus
1942 2470 2154 2561 pueri
2182 2520 2202 2557 ‚
2305 2490 2529 2562 quem
2601 2464 2729 2535 ille
2797 2466 3291 2563 circumgyrat
3311 2518 3334 2560 ,
3442 2487 3808 2564 quemque
3881 2466 4010 2537 in·-

782 2591 1204 2663 desinenter
1252 2605 1549 2667 versant
1599 2593 1754 2686 ejus
1819 2616 2075 2663 manus
2099 2644 2123 2683 ,
2199 2617 2368 2664 cum
2418 2590 2599 2662 fune
2652 2592 2841 2661 bene
2893 2600 3254 2661 contorto.

440 2713 535 2786 V.
590 2715 706 2807 57.
807 2716 996 2786 Sunt
1060 2718 1130 2787 ei
1197 2716 1749 2812 hypochondria
1832 2714 2210 2809 dorcadis,
2305 2740 2526 2788 crura
2590 2714 3193 2790 struthiocam'eli.
3298 2714 3560 2787 Currit
3622 2726 3707 2786 ut
3765 2713 4014 2877 lupus,
4107 2692 4114 2699 ’

798 2841 1017 2932 pedes
1068 2842 1275 2934 ponit
1325 2852 1408 2910 ut
1455 2839 1732 2935 vulpes.

457 2957 550 3036 V.
605 2964 723 3035 58.
823 2963 1109 3036 Validis
1161 2976 1271 3034 est
1319 2963 1717 3055 lateribus3
1780 2965 1843 3034 si
1893 2975 2172 3059 spectas
2222 2977 2505 3061 partem
2558 2966 2712 3058 ejus
2785 2963 3312 3060 posteriorem,
3407 2964 3612 3040 vides
3664 2984 3832 3034 eum
3882 2984 4023 3034 oc-

787 3075 1201 3197 cludentem
1250 3090 1724 3160 interstitium
1772 3089 2044 3182 pedum
2092 3091 2321 3161 cauda
2369 3090 2752 3186 promissa,
2804 3103 3080 3165 terram
3126 3101 3415 3161 tantum
3461 3111 3613 3160 non
3646 3095 4015 3182 tangente,

794 3235 942 3283 non
996 3212 1088 3281 ad
1135 3212 1321 3281 latus
1372 3212 1804 3288 declinante.
2038 3223 2043 3228 '
2351 3307 2358 3314 .

460 3334 553 3408 V.
606 3336 724 3431 59.
804 3337 909 3405 'Si
957 3347 1126 3427 stat,
1184 3339 1262 3407 i‘n
1310 3321 1465 3431 'ejus
1515 3339 1737 3409 dorso
1784 3337 2080 3412 videtur
2129 3363 2285 3409 esse
2338 3338 2559 3435 lapis,
2614 3363 2837 3437 super
2882 3363 3030 3438 quo
3078 3348 3426 3411 teruntur
3470 3359 3779 3433 sponsae
3832 3337 4029 3410 odo-

808 3475 1137 3530 ramenta
1191 3474 1314 3530 aut
1362 3462 1440 3530 in
1492 3486 1638 3556 quo
1691 3461 1963 3531 teritur
2012 3461 2483 3558 colocynthis.

456 3578 551 3654 V.
601 3582 723 3652 60.
798 3571 1082 3658 ‘Cruor
1159 3573 1755 3680 praecedentium
1832 3583 2163 3657 ferarum
2228 3589 2307 3656 iu
2369 3591 2525 3684 ejus
2598 3588 2790 3662 collo
2864 3587 3116 3661 similis
3194 3597 3307 3660 est
3385 3607 3602 3658 succo
3677 3581 4028 3682 express'o

798 3706 1125 3800 Hinnae,
1181 3710 1260 3779 in
1310 3733 1517 3779 coma
1572 3732 1777 3797 cana,
1832 3711 2215 3803 pectinata.

454 3826 548 3901 V.
599 3834 718 3908 61.
821 3831 1130 3904 Occurit
1180 3835 1390 3905 nobis
1441 3857 1694 3926 agmen
1744 3836 1970 3904 boum
2022 3835 2486 3929 sylvestrium
2511 3888 2533 3927 ,
2640 3840 2845 3931 cujus
2892 3859 3157 3907 vaccae
3203 3833 3478 3905 similes
3529 3845 3742 3905 erant
3789 3833 4030 3928 virgi-

807 3958 1068 4047 nibus,
1122 3959 1403 4029 cultum
1451 3957 1630 4027 idoli
1684 3957 1959 4032 Dewar
2012 3959 2495 4055 obeuntibus,
2562 3987 2746 4059 quae
2814 3963 3110 4033 indutae
3170 3971 3344 4032 sunt
3403 3960 3728 4034 vestibus
3775 3956 4027 4051 longas

795 4082 1096 4153 lacinias
1146 4084 1606 4155 habentibus.
2385 4055 2396 4172 J

458 4197 551 4273 V.
611 4202 739 4295 62,
846 4205 1080 4279 Retro
1144 4221 1546 4297 cesserunt,
1602 4206 1873 4278 similes
1923 4230 2317 4281 muraenae
2368 4209 2749 4283 distinctae
2800 4209 2878 4280 in
2938 4207 3130 4279 collo
3182 4205 3506 4299 juvenis,
3563 4204 3682 4274 cui
3746 4201 4030 4274 nobiles

803 4339 973 4399 sunt
1022 4330 1100 4399 in
1149 4332 1349 4400 tribu
1405 4334 1646 4423 patrui
1695 4345 1769 4402 et
1822 4333 2182 4404 avunculi.

461 4447 555 4520 V.
608 4450 728 4522 65.
831 4453 1135 4547 Assequi
1186 4478 1320 4524 nus
1371 4454 1549 4526 facit
1595 4454 1793 4526 feras
1861 4437 2429 4550 praecedentes,
2500 4480 2669 4528 cum
2727 4469 2971 4527 tamen
3041 4452 3429 4549 propiores
3491 4452 3563 4526 ei
3628 4450 3778 4520 sint
3839 4469 4029 4543 pone

804 4589 1295 4668 remanentes,
1347 4579 1426 4649 in
1476 4592 1691 4650 coetu
1740 4603 1889 4651 non
1944 4581 2293 4674 disperso.

457 4694 552 4769 V.
602 4697 722 4784 64.
825 4702 1213 4775 Convertit
1260 4727 1339 4774 se
1391 4726 1611 4775 cursu
1660 4685 1793 4775 suo
1844 4706 2063 4775 modo
2117 4704 2206 4775 ad
2256 4717 2549 4776 taurum
2599 4704 3063 4799 sylvestrem,
3114 4699 3336 4770 modo
3383 4700 3481 4769 ad
3532 4719 3821 4772 vaccam
3871 4720 4032 4769 eos-

807 4849 949 4917 que
1003 4827 1417 4921 assequitur
1466 4851 1704 4922 neque
1756 4840 2003 4900 tamen
2053 4829 2404 4920 irrigatur
2455 4841 2532 4900 et
2579 4830 2884 4923 tingitur
2932 4849 3139 4922 aqua.

462 4944 1341 5021 V.65.1ndesinenter
1391 4953 1605 5045 coqui
1655 4955 2192 5050 praeparabant
2242 4976 2572 5044 carmen,
2628 4965 2908 5046 partem
2962 4948 3310 5021 assando
3290 4969 3368 5016 m
3391 4944 3658 5050 lapide,
3711 4939 4029 5036 disposi-

811 5083 966 5145 tam
1015 5074 1111 5145 ad
1159 5074 1432 5169 ignem,
1485 5088 1800 5172 partem,
1853 5078 2265 5150 accelerato
2316 5077 2600 5167 labore,
2655 5073 3039 5184 coquendo
3088 5073 3168 5144 in
3219 5069 3477 5143 lebete.

4201 2195 4352 2269 ’ὗν
