4659 5900
2107 440 2704 534 ...52-

474 644 479 661 ¹
600 673 835 757 ‘trum
879 652 1128 736 locum
1181 662 1484 738 exhibet
1528 683 1832 742 carmen
1881 662 2154 743 Hafezi
2171 715 2196 757 ,
2268 688 2418 760 quo
2469 660 3008 749 ‚adolescentuli
3066 660 3700 761 pulchritudinem
3721 666 3886 743 sub
3931 660 4252 766 puellae

625 788 910 861 scilicet
976 808 1294 884 persona
1317 843 1354 883 ,.
1432 778 1944 866 venustissime
2023 790 2377 864 describit
2395 843 2420 883 ,
2479 813 2697 869 versa
2757 800 3128 886 perpetuo
3199 794 3538 883 oratione
3601 792 3699 863 ad
3763 816 4019 877 auram
4040 848 4063 889 ‚
4113 795 4228 871 ad

629 935 875 985 rosam
894 966 916 1005 ,
986 913 1084 985 ad
1132 914 1533 987 narcissum
1557 966 1583 1009 ‚
1647 916 1742 987 ad
1790 913 2058 987 herbas
2087 966 2109 1004 ,
2176 916 2275 987 ad
2322 937 2748 1010 cupressum
2798 925 2936 987 etc.
3035 917 3412 993 Summam
3453 915 3732 999 'indicat
3781 929 4004 1012 poeta
4051 929 4210 991 sta-

554 1074 563 1084 ·
630 1048 749 1109 tus
822 1039 939 1110 sui
1002 1039 1377 1113 miseriam
1404 1093 1427 1131 ‚
1506 1040 1834 1133 rogando
1884 1051 2175 1111 noctem
2225 1064 2321 1115 ne
2370 1038 2606 1110 abeat.
2706 1038 3005 1115 Dicitur
3055 1038 3253 1113 enini
3304 1040 3397 1113 de
3449 1039 3708 1119 diebus
3759 1042 4225 1135 tristissimis,

635 1185 757 1232 eas
799 1162 1001 1234 nocti
1050 1187 1208 1234 esse
1254 1161 1547 1235 similes.
1620 1163 1734 1234 Ita
1781 1160 2082 1239 Huzein
2129 1162 2261 1234 lbn
2308 1160 2635 1233 Homam
2682 1161 2761 1233 in
2813 1159 3260 1235 Schultensii
3312 1160 3730 1237 Hamasah:
3789 1162 3950 1255 „At
3997 1189 4227 1260 quum
4343 1158 4352 1177 '

628 1285 964 1359 viderem
1030 1285 1458 1381 patientiam
1518 1285 1832 1358 evictam
1862 1338 1883 1378 ‚
1968 1287 2310 1380 diemque
2364 1307 2595 1380 usque
2658 1304 2789 1378 eo,
2865 1296 2952 1389 ut
2999 1285 3254 1361 stellae
3301 1289 3811 1382 apparuerint,
3869 1291 4227 1367 obscura-

627 1412 875 1481 tum.“
928 1408 1024 1481 cf.
1075 1421 1187 1481 est
1232 1408 1527 1504 copiosa
1574 1407 1911 1479 Taurizii
1958 1407 2388 1480 scholiastae
2439 1410 2530 1480 ad
2577 1409 2773 1481 hunc
2823 1433 3120 1485 versum
3170 1411 3568 1483 adnotatio.

830 1610 929 1686 V.
978 1612 1099 1716 45:
1201 1611 1357 1683 Pro
1406 1610 1551 1683 hoc
1601 1634 1754 1684 nno
1800 1633 2024 1687 versu
2070 1608 2364 1682 Lettius
2413 1609 2597 1682 duos
2645 1610 2892 1684 habet.
2990 1608 3109 1683 Ita
3158 1612 3356 1683 enim
3402 1610 3620 1706 legite

912 1771 2372 1917 &Ashtamssiffl-52wsss
2667 1752 3911 1923 wfflmbsffloafflta

915 1950 1531 2075 etiosa-lm
1593 1951 2365 2100 ᾼῖωῑκ-ε-»ωκῐμὺ
2670 1950 2956 2078 [μω
3043 1945 3677 2093 „ga-..asum
3768 1951 3917 2100 Οἱς

826 2165 990 2238 Hos
1040 2187 1296 2239 versus
1341 2162 1446 2235 ita
1493 2163 1771 2237 vertitz‘
1810 2162 2383 2254 „Formidolosa
2431 2159 2615 2234 nox!
2669 2160 2873 2256 cujus
2923 2156 3176 2231 stellae
3225 2157 3670 2235 videbantur
3720 2157 3982 2232 validis
4028 2163 4206 2237 vin-

612 2289 813 2362 .cu1is
866 2289 1210 2383 religatae
1261 2310 1421 2360 esse
1470 2288 1550 2356 in
1595 2294 1848 2357 monte
1896 2283 2209 2357 Iedsbel.
2278 2285 2601 2357 Perinde
2669 2309 2756 2356 ac
2803 2287 2867 2356 si
2915 2282 3250 2379 Plejades
3301 2281 3566 2354 affixae
3619 2296 3860 2356 essent
3905 2286 4202 2359 stationi

630 2436 806 2486 suae
842 2413 1139 2486 funibus
1189 2411 1330 2483 lini
1373 2411 1601 2509 duros
1648 2408 1746 2479 ad
1792 2396 2118 2480 silicesf‘
2223 2410 2477 2482 Etiam
2526 2413 2700 2482 Zuz.
2751 2409 2930 2480 dicit
2954 2461 2979 2503 ‚
3046 2408 3593 2482 hemistichium
3643 2410 4010 2504 posterius
4059 2412 4204 2484 hoc

630 2563 855 2639 modo
903 2560 1053 2657 legi
1095 2535 1355 2652 &cong-2
1413 2557 1652 2630 ΨΜ
1716 2527 1936 2650 Ml
1998 2528 2193 2670 jis·
2250 2532 2495 2655 &3³
2565 2555 2849 2657 &055ss
2917 2530 3095 2680 υἱέ.
3150 2557 3334 2630 Cod.
3378 2556 3568 2646 1455
3622 2559 3988 2632 consentit
4038 2582 4209 2631 cum

633 2713 928 2807 Lettio;
979 2711 1111 2783 sed
1157 2708 1362 2781 addit
1405 2683 1704 2787 ..b-laxos
1738 2731 1975 2803 Qu.
2072 2707 2236 2802 Ego
2289 2706 2471 2780 haec
2510 2708 2589 2779 in
2630 2718 2919 2782 textum
2966 2708 3302 2806 recipcre
3334 2708 3593 2803 nolui,
3643 2709 3834 2783 hanc
3869 2732 4215 2783 normam

636 2847 929 2910 secutus
951 2888 976 2929 ‚
1031 2844 1115 2908 ut
1151 2858 1241 2907 ea
1263 2843 1548 2906 tantum
1589 2834 1671 2905 in
1719 2843 2009 2905 textum
2062 2833 2473 2927 reciperem
2492 2884 2514 2925 ,
2570 2837 2834 2931 quibus
2881 2832 3446 2929 interpretandis
3494 2834 3857 2907 Zuzenius
3907 2857 4213 2933 operam

631 2961 990 3034 insumsit.
1090 2960 1285 3032 Sane
1348 2958 1546 3031 enim
1609 2958 1792 3031 haec
1854 2981 1975 3031 res
2020 2957 2342 3029 maxima
2401 2982 2499 3030 ex
2562 2973 2776 3055 parte
2849 2961 3116 3031 nititur
3179 2938 3611 3032 anctoritate
3631 3012 3655 3053 ,
3740 2983 3986 3058 neque
4055 2960 4214 3034 sola

636 3087 923 3158 ratione
970 3082 1358 3180 dijudicari
1401 3093 1668 3177 potest.
1765 3080 1858 3154 In
1904 3080 2129 3153 schol.
2181 3080 2261 3153 in
2315 3081 2478 3153 cod.
2546 3087 2732 3163 1416
2783 3087 2984 3158 inter
3036 3106 3257 3157 voces
3311 3053 3594 3201 &2⁸35
3665 3095 3744 3156 et
3791 3102 3980 3208 &a-
4056 3111 4209 3182 po·-

628 3212 769 3283 sita
790 3222 902 3285 est
940 3209 1193 3283 littera
1230 3252 1301 3336 Z
1333 3205 1671 3280 distincte
1699 3217 2026 3300 exarata,
2079 3206 2237 3278 sine
2256 3204 2483 3278 dubio
2507 3230 2604 3279 ex
2690 3212 2979 3282 Μ
3026 3207 3427 3283 abreviata.
3528 3199 3647 3278 Ad
3691 3207 4214 3285 illustrandum

631 3346 873 3409 totum
933 3334 1133 3406 hunc
1196 3358 1490 3409 versum
1552 3334 1842 3429 egregie
1900 3333 2154 3409 valent
2217 3354 2473 3408 versus
2535 3327 2906 3405 Abulolae
2933 3382 2958 3424 ‚
3014 3334 3221 3406 citati
3279 3356 3324 3403 a
3389 3330 3640 3404 Reisk.
3700 3334 3796 3405 ad
3858 3335 4089 3408 Thar.
4141 3359 4215 3432 p.

644 3483 810 3555 109.
857 3459 1301 3538 Matutinarum
1344 3460 1585 3532 lucem
1638 3468 2068 3555 quaerentes
2116 3457 2585 3529 discussimus
2632 3468 2923 3529 noctem
2942 3508 2965 3548 ,
3023 3468 3100 3530 et
3147 3456 3702 3534 sollicitavimus
3722 3511 3746 3551 ‚
3801 3471 3887 3531 ut
3933 3459 4224 3531 sollici-

637 3594 890 3655 tantur
922 3581 1019 3655 ob
1049 3583 1293 3676 ignem
1324 3582 1764 3654 eliciendum
1794 3582 2115 3653 cineres:
2165 3579 2480 3654 Noctem
2517 3582 2723 3675 cujus
2753 3573 2966 3654 ¹omni
2994 3583 3258 3655 morbo
3294 3579 3527 3680 purae
3563 3594 3778 3655 erant
3808 3596 3884 3657 et
3906 3585 4218 3658 inteme-
4351 3588 4355 3593 ’

528 3749 553 3780 ,1
637 3716 844 3778 ratae
882 3706 1282 3799 tenebrae3
1346 3704 1560 3777 stella
1587 3713 1851 3777 contra
1882 3713 2217 3799 aegrotus
2238 3756 2260 3795 ,
2336 3706 2462 3801 qni
2518 3729 2668 3777 non
2718 3705 3073 3781 visitatur.
3175 3708 3404 3801 Cujus
3470 3708 3802 3780 umbrosi
3840 3709 4209 3805 cyphones

635 3841 717 3902 et
788 3831 1228 3924 nigricantes
1280 3830 1578 3926 pedicae
1598 3879 1622 3922 ,
1708 3839 2157 3924 quantocyus
2213 3827 2507 3900 Aurora
2540 3842 2995 3923 emergeret,
3059 3830 3561 3903 defluerent.“
3663 3831 3774 3904 Ut
3807 3832 3989 3904 haec
4024 3833 4212 3906 bene

633 3945 1134 4048 intelligantur
1164 3976 1526 4050 apponam
1549 3951 1832 4023 Reiskii
1864 3950 2427 4023 adnotationem.
2533 3953 2901 4044 „Stellam
2933 3953 3229 4045 (lunam
3257 3966 3467 4051 putat
3520 3965 3652 4030 aut
3688 3954 3908 4027 aliam
3961 3980 4217 4052 quam·

641 4077 812 4150 dam
871 4075 1232 4174 majorem
1254 4129 1279 4169 ,
1344 4085 1474 4147 aut
1513 4074 1757 4172 potius
1797 4083 2035 4144 totum
2084 4084 2457 4146 astrorum
2489 4076 3423 4177 complexum)·aegrotum
3478 4080 3853 4166 nominat,
3901 4078 4029 4175 qui
4064 4102 4219 4152 non

639 4210 980 4295 speratur
1017 4201 1096 4273 in
1141 4200 1296 4270 dias
1336 4199 1632 4271 luminis
1680 4219 1895 4268 auras
1945 4220 2272 4294 unquam
2305 4221 2562 4272 rursus
2607 4201 2988 4299 elapsurus
3017 4255 3042 4299 ,
3107 4203 3427 4302 ideoque
3460 4203 3800 4300 stragulis
3841 4202 4214 4277 involutus

636 4335 716 4396 et
772 4324 1147 4398 exstinctis
1203 4322 1435 4395 taedis
1510 4343 1556 4393 a
1627 4305 2169 4429 circumstante·
2202 4323 2423 4396 turba
2479 4347 2618 4398 ceu
2684 4329 2960 4423 praeda
3015 4329 3435 4407 adventanti
3505 4327 3736 4404 morti
3799 4327 4211 4414 certissima

646 4446 1275 4545 derelinquitur“
1467 4464 1484 4539 4
1524 4446 1549 4546 ᾗ
4063 4437 4070 4444 ’

834 4643 933 4738 V.
984 4645 1108 4734 46.
1206 4643 1366 4718 Hic
1408 4668 1667 4723 versus
1708 4651 1787 4716 et
1813 4655 1965 4717 tres
1997 4655 2383 4742 sequentes
2421 4644 2687 4721 desunt
2705 4650 2902 4745 apud
2937 4649 3179 4724 Iones.
3218 4663 3296 4726 et
3318 4651 3499 4726 dicit
3526 4652 3680 4724 Zuz
3689 4652 3907 4725 euius
3939 4648 4215 4723 Gram-

641 4770 1085 4843 maticorum
1127 4767 1486 4865 plurimos
1521 4792 1823 4842 censere
1863 4767 1999 4840 hos
2031 4780 2346 4865 quatuor
2378 4796 2632 4848 versus
2656 4798 2808 4848 non
2845 4799 3003 4848 esse
3037 4773 3485 4851 Amrulkeisi
3504 4787 3550 4870 ‚‘
3580 4777 3711 4849 sed
3738 4775 4217 4849 Taabbathae

639 4893 1012 4965 Scharran
1036 4944 1060 4984 ,
1112 4903 1373 4988 poetae
1430 4892 2033 4988 praestantissimi
2054 4943 2077 4984 ‚
2130 4893 2336 4989 cnjus
2362 4897 2719 4991 quaedam
2754 4901 3081 4971 carmina
3106 4901 3453 4996 leguntur
3481 4901 3562 4972 in
3582 4899 4023 4973 Schultensii
4052 4897 4216 4970 Ha·-

640 5017 914 5091 nasah.
1012 5016 1260 5093 Etiam
1294 5016 1374 5090 in
1423 5017 1585 5090 cod.
1621 5016 1791 5092 Par.
1851 5016 2040 5105 1455
2093 5015 2176 5087 hi
2209 5040 2464 5095 versus
2515 5020 2799 5096 desunt.
2889 5024 2982 5098 cf.
3027 5025 3147 5099 De
3194 5026 3421 5124 Sacy‚
3473 5026 3552 5099 in
3589 5035 3920 5121 „not.et
3957 5022 4213 5099 extr.“
4239 5051 4246 5060 .
