4659 5900
2160 554 2683 644 ...2-

625 767 807 848 tvl,
848 793 919 864 p.
955 746 1077 856 64.
1131 767 1365 843 Iones.
1422 788 1625 863 essay
1672 788 1769 841 on
1808 763 1937 841 the
1971 776 2234 863 poetry
2264 764 2354 841 of
2379 767 2505 838 the
2545 766 2832 837 eastern
2871 765 3155 837 nations
3196 791 3362 865 opp.
3397 777 3446 838 t.
3490 792 3543 840 x
3569 794 3637 869 p.
3695 773 3862 863 541.
3913 773 4184 849 librum

619 896 1040 987 germanice
1075 894 1461 989 scriptum:
1531 892 1928 984 §bat-utere
1978 904 2089 971 ber
2137 892 2591 984 votnebmsten
2643 892 2907 978 Dichter
2957 893 3120 970 aller
3172 893 3518 973 stativum
3567 906 3619 969 t.
3668 896 3799 971 VI.
3831 924 3901 996 p.
3937 924 3999 974 1.
4025 926 4183 999 pag.

625 1018 671 1088 5
694 1055 786 1073 --
810 1018 923 1088 28.
985 1016 1075 1092 A.
1113 1014 1258 1086 Th.
1294 1014 1735 1085 Hartmann.
1764 1013 1844 1083 in
1874 1013 2196 1107 prolegg.
2231 1015 2323 1085 ad
2364 1019 2691 1087 omnium
2729 1016 3260 1088 Moallakarum
3313 1020 3729 1095 versionem
3774 1023 4188 1099 Germani-

622 1125 803 1213 cam.
917 1141 1380 1236 Singularum
1410 1138 1955 1210 Moallakarum
1987 1137 2345 1211 editiones
2375 1145 2978 1228 commemorarit
3026 1143 3371 1216 Menilius
3414 1145 3491 1216 in
3523 1147 3844 1243 prolegg.
3896 1150 3991 1222 ad
4013 1152 4180 1225 An-

619 1278 856 1338 taram
884 1292 952 1363 p.
995 1288 1058 1337 a.
1091 1264 1613 1338 Recentissime
1656 1264 1967 1335 Harethi
1993 1263 2418 1337 Moallakah
2443 1267 2524 1337 in
2571 1266 2827 1361 Anglia
2855 1265 3049 1338 edita
3072 1279 3199 1338 est.
3253 1269 3518 1340 Lebidi
3541 1270 3981 1347 Moallakam
4013 1299 4184 1348 cum

622 1393 923 1463 Zuzenii
992 1392 1511 1463 commentario
1573 1389 1664 1461 cl.
1733 1390 1824 1460 de
1880 1389 2068 1487 Sacy
2127 1392 2393 1483 adjecit
2452 1392 2753 1464 editioni
2815 1391 3232 1466 fabularum
3294 1394 3577 1491 Bidpai.
3677 1397 3766 1469 In
3849 1401 4179 1475 carmine

6 1546 9 1589 k
620 1513 884 1586 Amrui
907 1513 1052 1587 ben
1094 1512 1454 1585 Kelthum
1484 1525 1783 1584 strenue
1807 1513 2190 1586 desudavit
2215 1513 2303 1584 cl.
2324 1511 2913 1614 Kosegartenius.

6 1658 11 1719 *
142 1758 165 1773 -
822 1665 1013 1741 Cum
1045 1687 1229 1741 vero
1264 1665 1483 1737 etiam
1517 1686 1652 1758 ego
1691 1648 2087 1736 statuerim
2120 1666 2195 1736 in
2225 1690 2375 1735 uno
2420 1662 2821 1739 carminum
2851 1668 3121 1739 horum
3150 1668 3940 1761 praestantissimorum
3965 1674 4173 1767 peri-

620 1792 868 1865 culum
904 1793 1175 1871 virium
1200 1811 1531 1863 mearum
1568 1788 1846 1881 facere,
1893 1790 1970 1861 in
2009 1791 2550 1895 prolegomenis
2577 1790 3159 1883 hancingrediar
3194 1790 3388 1864 viam
3422 1803 3532 1883 ut,
3584 1792 3985 1887 praemissa
4014 1794 4177 1866 dis-

618 1920 1010 2015 quisitione
1045 1918 1141 1990 de
1200 1917 1473 1988 horum
1517 1917 1926 1988 carminum
1970 1919 2390 1990 nominibus
2415 1966 2437 2005 ‚
2514 1925 2878 1986 transeam
2917 1915 3012 1984 ad
3054 1914 3502 1989 Amrulkeisi
3538 1916 3765 1990 vitam
3801 1940 4169 1997 enarran-

468 2060 497 2077 ’·
621 2046 791 2117 dam
828 2053 905 2117 et
958 2042 1227 2115 deinde
1259 2041 1591 2117 breviter
1621 2041 1977 2113 disseram
2025 2042 2118 2112 de
2176 2042 2331 2135 ejus
2379 2038 2749 2132 carmine,
2818 2036 3013 2132 quod
3037 2036 3496 2109 tractandum
3540 2038 3725 2110 mihi
3760 2042 4006 2113 sumsi.

815 2188 1108 2266 Nomen
1129 2190 1397 2262 horum
1429 2189 1862 2278 carminum,
1900 2188 1976 2258 in
2011 2199 2325 2283 utroque
2355 2191 2536 2261 orbe
2570 2192 2888 2261 maxime
2920 2187 3488 2283 frequentatum,
3530 2198 3642 2261 est
3662 2187 4171 2265 Almoallakat.

615 2313 735 2391 Ab
769 2315 1106 2389 omnibus
1137 2336 1285 2386 uno
1322 2313 1527 2410 quasi
1565 2334 1696 2383 ore
1743 2309 2069 2383 refertur
2100 2309 2279 2382 haec
2311 2312 2637 2383 carmina
2656 2313 2798 2384 hoc
2839 2314 3134 2385 nomine
3163 2312 3524 2408 appellata
3556 2336 3743 2407 esse,
3798 2315 3971 2412 qnia
3999 2340 4169 2387 sus-

4 2473 29 2549 ιι
611 2461 842 2537 pensa
875 2436 1154 2509 fuerint
1200 2436 1278 2507 in
1322 2434 1594 2531 templo
1651 2432 2004 2506 Meccano
2032 2486 2055 2528 ,
2111 2433 2359 2505 Caaba
2395 2432 2611 2507 dicto.
2708 2435 2825 2509 Ne
2853 2435 3154 2507 Reiskio
3183 2437 3483 2531 quidem
3504 2490 3527 2531 ,
3579 2438 3744 2513 viro
3791 2438 4177 2534 sagacissi-

615 2585 741 2632 mo
763 2612 788 2655 ,
840 2561 918 2634 in
948 2559 1437 2657 suspicionem
1474 2558 1676 2633 venit
1706 2556 1923 2652 hujus
1959 2556 2401 2629 narrationis
2442 2562 2743 2654 veritas,
2798 2564 2878 2634 in
2910 2586 3129 2659 quam
3158 2564 3342 2635 mihi
3366 2563 3769 2639 accuratius
3796 2565 4172 2662 inquiren·

614 2685 795 2764 dum
839 2695 1019 2781 puto
1038 2737 1063 2777 ,
1127 2706 1293 2757 eam
1343 2682 1535 2755 nihil
1576 2682 1739 2757 veri
1779 2682 2060 2754 habere
2116 2682 2579 2777 probaturus.

522 2814 541 2867 ²
815 2834 1104 2937 Prima,
1160 2856 1345 2933 quae
1369 2833 1734 2925 occurrit,
1787 2829 2143 2903 dubitatio
2175 2831 2360 2903 haec
2390 2841 2501 2905 est
2523 2885 2547 2924 ‚
2602 2832 2760 2928 quis
2809 2829 3039 2905 fuerit
3057 2885 3081 2925 ‚
3136 2833 3264 2930 qui
3298 2833 3482 2905 haec
3514 2835 3844 2907 carmina
3871 2858 4178 2932 suspen-

616 2964 836 3040 derit.
938 2957 1234 3036 Scilicet
1266 2961 1679 3034 carminum
1722 2959 1986 3030 horum
2016 2970 2351 3031 auctores
2372 2967 2707 3052 tempore
2742 2956 2905 3030 fere
2952 2969 3124 3031 sunt
3153 2959 3517 3056 aequales,
3549 2961 3681 3032 sed
3706 2962 3899 3058 apud
3928 2961 4175 3038 diver·

615 3113 734 3162 sas
804 3085 1133 3162 Arabum
1189 3085 1427 3156 tribus
1487 3077 1873 3154 florebant.
1972 3080 2257 3152 Arabes
2325 3104 2420 3152 eo
2481 3094 2819 3178 tempore
2865 3108 3016 3154 non
3062 3108 3294 3156 unum
3350 3090 3838 3179 agnoscebant
3898 3111 4169 3180 regem.

620 3213 807 3306 Quis
839 3210 1064 3303 igitur
1102 3208 1379 3278 arbiter
1412 3202 1653 3281 sedit?
1714 3203 1992 3274 Reiskii
2030 3204 2276 3298 opinio
2320 3205 2504 3275 haec
2537 3182 2664 3276 est.
2769 3204 3107 3298 „Poetae
3142 3209 3660 3279 concertabant
3689 3207 4013 3279 Okkathi
4037 3231 4174 3281 re-

621 3336 934 3411 citandis
964 3333 1433 3423 carminibus,
1482 3355 1667 3426 quae
1704 3340 1904 3401 certa
1937 3329 2250 3423 quadam
2284 3334 2663 3402 occasione
2700 3332 3046 3403 incitante
3067 3385 3089 3422 ‚
3142 3346 3270 3405 aut
3326 3335 3423 3405 ad
3457 3335 3816 3429 insignem
3853 3335 4173 3431 aliquem

621 3486 868 3538 casum
915 3471 1477 3556 composuerant
1500 3468 1576 3530 et
1604 3457 2277 3553 pronuntiaverant.
2378 3454 2531 3546 Qui
2567 3477 3027 3526 communem
3051 3456 3274 3547 igitur
3300 3457 3726 3553 applausum
3763 3457 4169 3552 obtinebat,

616 3592 916 3689 publico
946 3588 1167 3661 simul
1194 3583 1541 3680 suffragio
1560 3585 1930 3662 licentiam
1965 3582 2342 3655 obtinebat
2374 3604 2672 3653 carmen
2692 3604 2903 3653 suum
2937 3582 3233 3655 Meccae
3256 3584 3351 3654 ad
3381 3585 3669 3657 Caabae
3712 3584 3914 3656 fores
3943 3609 4172 3657 aure-

615 3719 684 3794 is
718 3719 984 3792 litter-is
1029 3718 1245 3813 bysso
1287 3714 1720 3810 inscriptum
1774 3712 2241 3808 suspendere.
2341 3708 2498 3805 Ipsi
2556 3729 2733 3801 ergo
2789 3719 3048 3804 poetae
3090 3707 3523 3804 affigebant,
3604 3710 3827 3781 credo
3849 3763 3873 3803 ,
3925 3710 4174 3783 multis

618 3855 789 3917 ante
830 3839 1189 3915 continuis
1232 3837 1531 3930 seculis,
1594 3860 1813 3933 quam
1896 3835 2166 3930 scripta
2215 3843 2500 3930 septem
2528 3829 2709 3902 haec
2748 3833 3071 3902 carmina
3115 3843 3397 3905 tantum
3431 3856 3527 3906 ex
3564 3855 3832 3906 eorum.
3856 3857 4169 3906 numero

620 3962 1313 4041 conservarentur.“
1420 3959 1567 4032 Sed
1602 3961 1784 4031 haec
1817 3958 2175 4030 sententia
2214 3959 2344 4033 vix
2380 3954 2785 4028 refutanda.
2883 3957 3177 4054 Quippe
3216 3982 3367 4031 non
3396 3969 3680 4030 tantum
3725 3969 3931 4032 caret
3968 3958 4170 4032 omni

617 4089 1098 4166 fundamento
1142 4086 1495 4156 historico
1539 4081 1671 4155 sed
1715 4083 1937 4154 etiam
1985 4081 2185 4156 omni
2227 4081 2768 4178 probabilitate.
2869 4083 2948 4154 Si
3000 4085 3198 4156 enim
3245 4085 3474 4174 cuivis
3530 4094 3793 4180 poetae
3841 4086 3955 4179 jus
4009 4093 4171 4156 erat

618 4237 885 4313 poema
916 4234 1132 4284 suum
1164 4208 1447 4281 foribus
1485 4203 1777 4279 Caabae
1814 4205 2153 4302 affigendi
2173 4256 2198 4298 ,
2253 4217 2556 4301 quantas
2617 4204 2841 4278 fuisse
2895 4220 3189 4304 oportet
3234 4208 3364 4280 has
3401 4210 3688 4282 Caabae
3718 4208 3956 4281 fores!
4015 4209 4172 4280 Sci·

618 4336 798 4430 lieet
837 4333 1148 4408 fortasse
1190 4342 1352 4405 tota
1394 4331 1636 4405 Caaba
1678 4330 2120 4403 carminibus
2168 4341 2331 4402 erat
2370 4341 2666 4422 ornata,
2714 4342 2799 4402 ut
2846 4355 2977 4404 nos
3033 4332 3403 4406 conclavia
3430 4335 3852 4404 instruimus
3873 4326 4164 4425 tapetis!

620 4465 811 4558 Quis
827 4464 972 4536 hoc
1007 4456 1304 4535 credat?
1352 4459 1706 4533 Poterant
1738 4457 2034 4555 quidem
2065 4469 2342 4553 septem
2365 4455 2769 4550 sapientum
2803 4456 3411 4551 apophthegmata
3439 4455 3871 4531 brevissima
3901 4450 4175 4524 inscri-

617 4587 704 4662 bi
728 4586 1004 4681 templo
1059 4584 1461 4680 Delphico,
1512 4595 1598 4658 ut
1635 4581 1970 4657 referunt
1999 4580 2395 4652 Pausanias
2444 4589 2522 4652 et
2556 4578 3019 4672 Plutarchus,
3065 4583 3195 4654 sed
3228 4586 3525 4654 omnino
3571 4581 3713 4653 alia
3748 4581 3937 4652 ratio
3966 4578 4173 4654 obti-

621 4711 809 4786 tinet
850 4713 928 4782 in
974 4710 1415 4783 carminibus
1439 4764 1463 4799 ,
1532 4730 1851 4805 quorum
1894 4706 2246 4803 quaedam
2294 4704 2460 4799 plus
2509 4718 2803 4779 centum
2850 4710 3180 4784 versibus
3227 4719 3580 4783 constant.

4231 4543 4244 4592 i

490 4967 495 4974 ἢ
821 4859 1064 4936 Multo
1094 4861 1318 4954 magis
1346 4881 1528 4932 vero
1554 4858 1730 4943 huic
1760 4857 2087 4953 opinioni
2124 4857 2388 4946 obstat,
2428 4858 2622 4951 quod
2639 4881 2756 4930 ars
2773 4861 3141 4931 scribendi
3157 4861 3286 4934 illo
3312 4873 3648 4957 tempore
3672 4829 3868 4957 apud
3887 4855 4167 4934 Arabes

621 4987 924 5060 minime
967 4986 1288 5080 vulgaris
1360 4995 1538 5058 erat.
1638 4983 1829 5057 Nam
1867 4982 2149 5055 incolae
2207 4980 2524 5078 regionis
2573 4979 2956 5054 Hedschas
3009 4996 3245 5057 artem
3291 4984 3657 5058 scribendi
3705 4983 3954 5080 paullo
3989 4988 4163 5054 ant·

622 5108 1215 5184 Muhammedem
1272 5119 1726 5204 acceperunt.
1780 5105 1875 5179 cf.
1922 5106 2039 5180 De
2076 5108 2262 5204 Sacy
2326 5110 2405 5181 in
2448 5111 2840 5199 „memoir.
2891 5120 3026 5183 etc.
3067 5123 3120 5184 t.
3166 5110 3235 5183 L
3275 5135 3350 5209 p.
3405 5119 3572 5210 294.
3670 5107 3925 5184 Multis
3981 5126 4165 5179 vero
