4659 5900
1921 552 2507 635 ...13-

610 762 1020 861 Hucusque
1079 766 1324 840 omnia
1397 767 1491 840 de
1540 790 1812 841 amore.
1926 768 2088 839 Jam
2136 791 2318 845 vero
2369 771 2612 843 subito
2661 770 2921 843 transit
2988 772 3081 841 ad
3148 773 3304 845 alia.
3415 772 3806 846 Gloriatur
3865 778 3994 847 ni·-

420 891 741 976 mirum,
796 890 992 984 quod
1038 891 1402 985 intrepide
1450 904 1528 963 et
1570 904 1867 963 strenue
1914 893 2307 987 pertulerit
2356 905 2680 965 terrores
2728 897 2963 965 noctis
3013 896 3573 988 funestissimae,
3632 900 3759 992 qui
3803 900 3991 969 nulli

409 1038 567 1088 non
617 1013 933 1085 animum
982 1017 1508 1110 permoverint.
1608 1017 1704 1085 Se
1752 1019 1992 1109 ipsum
2042 1016 2327 1107 laudat,
2395 1020 2592 1113 quod
2655 1020 3069 1113 saepissime
3123 1019 3364 1090 officia
3411 1046 3543 1092 sua
3593 1026 3988 1116 praestite-

416 1144 519 1213 rit
586 1138 852 1235 populo
918 1152 996 1211 et
1062 1143 1260 1235 quod
1324 1136 1695 1231 trajecerit
1756 1142 2047 1212 deserta
2109 1144 2349 1214 tristia
2406 1144 2587 1215 feris
2637 1145 2891 1239 plena,
2962 1147 3040 1214 in
3109 1145 3366 1238 quibus
3417 1144 3688 1217 famem
3740 1148 3986 1218 maxi-

416 1286 607 1339 mam
657 1286 1039 1359 perpessus
1099 1266 1214 1335 sit.
1324 1264 1613 1336 Deinde
1673 1267 1938 1337 transit
2002 1268 2095 1337 ad
2159 1290 2430 1362 equum
2493 1291 2706 1338 suum
2783 1271 3474 1363 praestantissimum
3548 1270 3984 1343 laudandum

418 1390 904 1482 describitque
983 1391 1440 1463 venationem
1528 1401 1605 1461 et
1676 1394 1922 1487 epulas
1994 1404 2160 1488 post
2224 1416 2391 1465 eam
2466 1403 2782 1488 paratas.
2918 1391 3254 1463 Tandem
3337 1393 3611 1465 claudit
3689 1419 3982 1467 carmen

410 1513 913 1609 pulcherrima
959 1513 1217 1587 imbris
1263 1515 1770 1611 descriptione.
3052 1523 3062 1536 “

515 1763 802 1857 Restat,
834 1774 919 1836 nt
948 1764 1219 1860 aliquid
1248 1764 1485 1838 dicam
1517 1766 1612 1837 de
1646 1768 1988 1838 carminis
2016 1767 2335 1840 dictione
2349 1777 2430 1839 et
2467 1765 2742 1841 indole.
2767 1764 3106 1835 Primum
3133 1763 3493 1837 exhibebo
3520 1764 3747 1840 verba
3774 1763 3982 1837 Reis-

409 1888 519 1960 kii
565 1889 643 1961 in
694 1888 973 1984 prolog.
1019 1892 1111 1961 ad
1162 1889 1393 1962 Thar.
1412 1916 1479 1986 p.
1532 1890 1828 1982 XXIV,
1887 1891 2028 1965 viri
2068 1892 2271 1983 cujus
2316 1892 2709 1961 auctoritas
2759 1891 2836 1960 in
2885 1890 3000 1959 his
3052 1888 3317 1958 litteris
3367 1912 3540 1960 sane
3587 1890 3984 1985 plurimum

408 2013 650 2085 valet:
725 2013 1035 2084 «Prima
1088 2014 1367 2107 vulgari
1442 2013 1696 2086 ordine
1746 2014 2168 2086 Moallakah
2234 2026 2348 2087 est
2409 2014 2855 2088 Amrulkeisi
2901 2011 3316 2105 Kenditae,
3371 2036 3646 2085 meram
3699 2016 3979 2110 spirans

410 2135 784 2211 Venerem
834 2149 908 2210 et
953 2138 1293 2231 juvenilis
1372 2139 1818 2234 petulantiae
1879 2138 2210 2232 gloriam.
2314 2138 2509 2213 Ante
2558 2141 2694 2210 hos
2745 2138 3063 2234 quinque
3110 2161 3380 2227 annos,
3454 2162 3621 2211 cum
3671 2163 3765 2211 ex
3812 2142 4004 2231 cod.-

401 2260 488 2330 cl.
558 2262 929 2335 See'wisch
994 2262 1328 2336 Dresdae
1380 2263 1561 2335 mihi
1622 2264 2204 2358 descripsissem,
2293 2262 2468 2334 lic'et
2529 2265 2657 2338 vix
2723 2285 2942 2334 unam
3007 2273 3084 2334 et
3149 2261 3458 2334 alteram
3538 2263 3712 2335 hinc
3773 2264 3975 2337 illinc

396 2384 732 2459 laciniam
802 2389 1285 2483 intelligerem
1311 2441 1332 2479 ,
1407 2411 1494 2461 ea
1546 2399 1787 2458 tamen
1815 2442 1836 2480 ,
1905 2410 2090 2482 quae
2135 2387 2662 2481 intelligebam,
2717 2390 2900 2460 adeo
2951 2411 3069 2460 me
3119 2388 3543 2482 capiebant,
3636 2399 3719 2457 ut
3765 2412 3976 2483 mag-

397 2508 612 2581 nifice
661 2513 753 2584 de
799 2511 1133 2586 Arabum
1179 2512 1382 2608 poesi
1430 2515 1704 2583 sentire
1754 2514 2150 2606 inciperem
2214 2522 2289 2583 et
2356 2521 2592 2582 totum
2659 2513 2874 2582 unice
2941 2532 3282 2606 cuperem
3349 2511 3784 2602 intelligere.
3883 2512 3974 2583 In

396 2638 747 2711 universo
779 2650 1107 2711 vetustae
1140 2661 1440 2734 poeseos
1471 2636 1829 2709 Arabicae
1853 2646 2232 2731 apparatu,
2288 2636 2526 2729 quiin
2555 2658 2810 2705 manus
2859 2635 3040 2707 mihi
3088 2634 3296 2707 venit
3339 2646 3414 2706 et
3464 2638 3735 2726 oculos,
3791 2636 3972 2706 nul·-

397 2758 553 2833 lum
604 2786 795 2833 nunc
844 2763 1168 2835 occurrit
1214 2786 1511 2867 carmen
1533 2816 1556 2856 ,
1610 2762 1808 2859 quod
1855 2762 2135 2833 illibato
2196 2760 2506 2832 selectae
2565 2758 2901 2832 dictionis
2979 2758 3220 2850 cultu,
3295 2761 3694 2834 verborum
3761 2763 3970 2835 suavi

398 2904 482 2955 cc
552 2885 855 2980 limpido
882 2938 906 2969 ,
973 2883 1195 2959 fontis
1241 2888 1501 2980 instar,
1555 2886 1868 2959 decursu
1890 2939 1911 2976 ,
1996 2883 2390 2957 affectuum
2476 2882 2830 2976 mollitie,
2929 2885 3557 2977 comparationum
3631 2888 3962 2980 argutiis,

401 3020 782 3082 venustate
830 3023 907 3083 et
956 3013 1128 3088 vivo
1176 3011 1463 3104 colore,
1517 3011 2177 3085 Amralkeisianum
2227 3010 2372 3080 hoc
2394 3017 2711 3102 superet.
2803 3007 2992 3079 Mihi
3026 3021 3226 3080 certe
3278 3009 3354 3081 in
3405 3022 3700 3082 cestero
3745 3033 3965 3105 grege

398 3145 549 3205 tam
599 3137 984 3230 superbire
1031 3136 1324 3210 videtur
1375 3148 1452 3207 et
1499 3137 1827 3228 radiare,
1921 3159 2135 3231 quam
2182 3136 2244 3205 si
2292 3133 2657 3204 fastuosus
2706 3155 2896 3231 pavo
2943 3132 3287 3225 explicita
3336 3135 3564 3205 cauda
3632 3139 3962 3229 opposito

386 3259 537 3331 soli
582 3262 1053 3359 πυρσοφλεγὶῖ
1102 3261 1417 3353 λειμὸνα
1455 3265 1729 3360 πτερῶν
1758 3253 2595 3354 'eximamus-Haec
2645 3258 2923 3348 Reiskii
2973 3257 3199 3329 verba
3249 3281 3412 3329 mea
3459 3258 3687 3346 facio,
3736 3284 3960 3354 quae-

395 3383 561 3455 dam
611 3381 1007 3455 additurus.
1106 3383 1323 3475 Mihi,
1391 3385 1483 3454 ad
1550 3386 1737 3455 bene
1802 3384 2268 3476 judicandum
2335 3384 2429 3454 de
2479 3384 2621 3454 hoc
2669 3381 3018 3471 carmine,
3072 3384 3385 3453 maxime
3435 3384 3961 3455 consideranda

390 3507 683 3582 videtur
745 3511 1070 3579 narratio
1118 3506 1703 3582 Abulfaradschii
1752 3509 1845 3578 de
1894 3509 2045 3582 vita
2091 3505 2537 3580 Amrulkeisi
2584 3516 2751 3575 ante
2800 3508 3028 3600 patris
3076 3518 3423 3599 mortem,
3475 3532 3688 3603 quam
3738 3533 3958 3604 supra

390 3633 713 3703 exhibui.
763 3631 955 3704 Nam
1004 3633 1144 3703 hoc
1190 3655 1487 3702 carmen
1534 3631 1773 3702 lucem
1824 3634 2087 3726 accipit
2133 3654 2227 3703 ex
2258 3631 2414 3723 ejus
2472 3631 2624 3704 vita
2669 3640 2747 3701 et
2805 3629 3121 3701 invicem
3191 3631 3344 3723 ejus
3425 3634 3577 3705 vita
3638 3632 3960 3706 illustrat

383 3756 529 3827 hoc
579 3778 895 3826 carmen.
948 3755 1198 3827 Vitam
1245 3766 1421 3826 tunc
1471 3759 1825 3851 temporis
1860 3759 2120 3850 agebat
2154 3756 2447 3844 laetam,
2503 3753 2995 3847 voluptatibus
3023 3767 3101 3827 et
3132 3758 3506 3827 amoribus
3543 3758 3954 3852 plenam—-

389 3880 610 3951 etiam
659 3901 954 3952 carmen
1004 3893 1333 3954 nostrum
1383 3878 1684 3974 plenum
1736 3893 1846 3952 est
1893 3879 2100 3952 laetis
2152 3879 2583 3973 imaginibus
2635 3890 2710 3950 et
2758 3901 3016 3972 magna
3065 3880 3220 3971 ejus
3267 3903 3438 3974 pars
3488 3895 3826 3955 versatur
3875 3885 3948 3953 in

387 4007 758 4076 amoribus
807 4007 1318 4076 describendis.
1417 4005 1652 4076 Poeta
1700 4006 1984 4076 nullum
2037 4017 2322 4075 certum
2374 4002 2827 4073 domicilium
2873 4002 3229 4097 habebat,
3284 4004 3412 4074 sed
3455 4027 3549 4075 ex
3583 4029 3733 4076 uno
3783 4006 3947 4075 loco

381 4130 463 4201 iu
508 4129 734 4200 alium
783 4128 1379 4223 proficiscebatur
1423 4167 1526 4184 --
1572 4130 1650 4200 in
1699 4143 1952 4200 nostro
2003 4130 2326 4199 carmine
2377 4127 2762 4220 gloriatur,
2817 4126 3014 4220 quod
3059 4150 3275 4221 saepe
3325 4129 3470 4199 iter
3507 4129 3769 4200 fecerit
3813 4153 3948 4225 per

383 4253 698 4346 deserta,
766 4253 1153 4349 laudatque
1202 4253 1372 4348 equi
1419 4253 1532 4324 sui
1604 4254 2138 4348 praestantiam.
2236 4251 2605 4323 Narratur
2650 4250 2842 4344 apud
2904 4248 3587 4324 Abulfaradschium
3655 4267 3946 4349 poetam

377 4375 601 4449 fuisse
646 4380 1055 4454 venationis
1103 4379 1671 4450 amantissimum
1736 4388 1812 4449 et
1878 4401 1922 4447 a
1972 4377 2357 4449 venatione
2423 4376 2797 4465 reducem,
2868 4374 3119 4468 epulas
3168 4374 3602 4469 largissimas
3648 4399 3944 4471 parasse

385 4503 597 4573 sociis
642 4540 741 4556 -·-
790 4503 866 4574 in
896 4511 1151 4575 nostro
1187 4504 1514 4604 carmine
1563 4511 1673 4572 est
1724 4500 2214 4596 pulcherrima
2237 4503 2642 4575 venationis
2673 4499 3064 4591 descriptio
3093 4521 3329 4593 neque
3357 4499 3622 4570 desunt
3651 4501 3934 4595 epulae,

382 4647 431 4698 e
475 4624 806 4699 ferarum
853 4627 1130 4723 praeda
1178 4636 1496 4724 paratae.
1592 4626 1698 4700 Ut
1746 4626 2073 4701 breviter
2122 4624 2356 4697 dicam
2381 4677 2404 4718 ,
2471 4623 2756 4719 singula
2803 4621 2968 4696 sere
3014 4623 3314 4717 singulis
3380 4625 3840 4719 respondent.

568 4875 899 4946 Jonesius
920 4876 1063 4947 hoo
1112 4894 1410 4947 carmen
1456 4884 1835 4969 comparat
1881 4894 2045 4943 cnm
2097 4873 2424 4986 carmine
2445 4871 2856 4942 Salomonis
2878 4881 2952 4944 et
2976 4869 3182 4945 inest·
3196 4873 3367 4944 huic
3409 4875 3938 4969 comparationi

373 4998 646 5097 aliquid
670 5003 848 5076 veri.
901 4999 1186 5070 Eadem
1209 5002 1289 5071 in
1309 4996 1440 5069 illo
1468 5000 1807 5088 suavitas,
1845 4998 2099 5067 eadem
2115 4994 2486 5083 mollities,
2523 4993 2780 5064 eadem
2818 5008 3178 5067 venustas.
3233 4996 3434 5068 Dicit
3456 5017 3683 5091 porro
3697 4997 3936 5067 lones.

370 5124 450 5196 iu
471 5147 650 5221 poes
673 5123 903 5197 Asiat.
952 5145 1214 5197 comm.
1260 5147 1338 5221 p.
1368 5123 1510 5211 276
1532 5122 1747 5200 valde
1762 5143 2121 5218 congruos
2159 5142 2315 5191 esse
2355 5140 2523 5189 cum
2538 5116 2988 5192 Aanrnlkeisi
3005 5117 3426 5192 Moallalsah
3449 5141 3695 5193 versus
3727 5143 3940 5214 quos·
