4659 5900
2118 572 2237 588 -..
2375 553 2471 606 12
2593 567 2714 585 ....-

614 741 729 813 -60
782 757 940 831 sqq.
992 737 1110 809 De
1162 738 1348 833 Sacy
1398 741 1478 810 in
1540 742 1862 812 »notices
1912 752 1990 811 et
2040 743 2349 812 extraits
2417 748 2556 811 etc.
2606 749 2662 808 t.
2712 734 2827 809 lv
2874 759 2945 829 p.
3000 734 3164 804 515.
3214 734 3406 806 idem
3455 735 3576 805 in«
3639 718 4032 808 m‘emoires
4074 748 4214 806 etc.

630 870 682 927 t.
734 860 801 928 L
854 885 925 954 p.
979 863 1145 933 351.
1196 863 1449 933 Menil.
1501 865 1819 958 prolegg.
1906 866 1999 936 ad
2060 867 2420 939 Amatam
2490 886 2560 956 p.
2635 883 2753 932 si.
2813 859 2903 929 In
2964 869 3217 929 nostro
3266 859 3590 930 carmine
3656 860 4042 954 rhythmus
4089 860 4218 933 ille

628 982 908 1074 finalis,
982 985 1108 1080 qui
1156 1010 1198 1055 a
1250 986 1763 1060 Grammaticis
1863 1001 2173 1065 vocatur
2218 966 2398 1063 »ab
2451 1001 2563 1060 est
2609 987 2801 1058 Lam
2851 1009 3016 1057 cum
3067 966 3333 1055 Kesra.

828 1141 1160 1213 Metrum
1226 1146 1571 1216 carminis
1637 1158 1749 1217 est
1806 1147 2386 1240 vulgatissimum
2450 1155 2526 1215 et
2576 1143 2810 1235 idem,
2880 1139 3076 1237 quod
3139 1150 3251 1211 est
3311 1139 3390 1210 in
3441 1137 3860 1210 Moallakah
3912 1139 4214 1210 Thara-

630 1267 817 1363 phae
866 1276 943 1336 et
992 1267 1311 1339 Zohairi.
1363 1268 1501 1338 Est
1550 1290 1644 1340 ex
1705 1292 2015 1366 genere,
2070 1269 2270 1365 quod
2320 1279 2628 1381 vocatur
2673 1248 2785 1361 &a
2799 1242 2991 1365 ,1255
3052 1265 3207 1339 sive
3287 1264 3608 1358 longum.
3722 1265 3839 1336 De
3903 1288 4048 1359 quo
4121 1261 4213 1334 cf.

639 1391 1009 1462 lonesium
1062 1391 1138 1460 in
1190 1416 1389 1484 poes.
1442 1392 1666 1464 Asiat.
1721 1417 1989 1465 comm.
2041 1419 2112 1489 p.
2169 1416 2282 1485 27.
2335 1418 2489 1488 sqq.
2592 1391 2898 1462 Constat
2945 1389 3087 1460 hoc
3137 1390 3355 1459 metri
3405 1398 3629 1483 genus
3660 1414 3755 1462 ex
3788 1389 4088 1460 bacchio
4139 1400 4217 1458 et

634 1516 877 1608 primo
928 1514 1223 1608 epitrito
1276 1526 1538 1610 quater
1589 1519 1933 1611 repetito,
1987 1520 2118 1589 sed
2159 1519 2238 1588 in
2290 1528 2553 1613 quarta
2602 1526 2679 1586 et
2728 1526 2984 1586 octava
3030 1513 3204 1583 sede
3273 1513 3603 1608 recipere
3666 1525 3914 1608 potest
3961 1511 4218 1606 dijam-

638 1639 813 1709 bum
864 1648 993 1716 utz

1218 1755 3560 1861 v—-10-—-1v-—1v—v-

1111 1890 1586 1933 .v—--—
1680 1863 1698 1959 Ι
1792 1865 2405 1970 υ--ι-Ι
2508 1896 2872 1931 υ--ι-
2968 1864 2983 1965 Ι
3073 1890 3553 1960 υ--νῧ

830 2019 1213 2093 Interdum
1276 2012 1459 2097 ver‘o
1539 2027 1619 2096 in
1681 2024 1879 2119 ⁸locis
1963 2028 2369 2127 imparibus
2453 2024 2772 2117 admittit
2833 2044 2970 2119 pro
3052 2021 3319 2094 bachio
3416 2017 4033 2117 amphibrachyn,
4134 2017 4226 2091 in.

638 2158 896 2240 quarto
946 2145 1375 2240 dijambum,
1431 2161 1551 2219 ut:

1229 2307 2789 2411 ν-υΙυ---Ιυ--υ
2988 2331 3482 2366 υ--υ--ν

832 2586 1075 2660 Doleo
1128 2592 1328 2685 quod
1376 2592 1696 2663 nancisci
1759 2616 1911 2663 non
1961 2593 2336 2687 potuerim
2382 2593 2496 2670 Jo.
2549 2594 2823 2665 Clerici
2875 2590 3294 2688 prosodiam
3338 2584 3758 2672 Arabicam,
3812 2581 3942 2675 qui
3988 2601 4214 2653 accu-

625 2711 853 2781 ratius
907 2734 1068 2782 rem
1124 2725 1422 2808 tractat,
1481 2741 1703 2811 quam
1754 2717 2113 2793 Jonesius.

832 2902 1196 2976 Carminis
1250 2915 1801 3002 argumentum,
1856 2907 2054 3003 quod
2103 2932 2298 2981 nunc
2349 2930 2713 3002 exponam
2736 2959 2758 2998 ‚
2831 2907 2981 3036 jam
3047 2907 3250 3002 prins
3302 2901 3798 2975 exhibuerunt
3863 2892 4203 2967 Ionesius

636 3027 718 3098 in
768 3028 927 3099 edd.
983 3027 1522 3101 Moallakarum
1578 3057 1744 3126 opp.
1818 3043 1868 3101 t.
1934 3031 2012 3102 X
2080 3044 2158 3104 et
2203 3035 2279 3103 in
2346 3043 2734 3103 comment.
2821 3055 3017 3126 poes.
3083 3031 3309 3103 Asiat.
3383 3050 3546 3121 opp.
3615 3035 3668 3095 t.
3737 3019 3869 3094 VI·
3940 3044 4009 3114 p-
4084 3018 4213 3094 66.

638 3175 798 3246 sqq.
902 3150 1144 3222 Reisk.
1230 3156 1307 3224 in
1364 3155 1646 3249 prolog.
1670 3156 1762 3225 ad
1815 3156 2055 3227 '.Phar
2108 3182 2181 3250 p.
2226 3156 2516 3229 XXIV.
2617 3154 3080 3250 DeSacy,1n
3111 3151 3770 3223 »mem01resetc..t
3812 3143 3973 3238 L..p
4031 3150 4202 3229 410.

829 3275 1140 3346 Duobus
1205 3277 1453 3348 amicis
1522 3280 1906 3349 comitatus
1968 3291 2189 3374 poeta
2262 3280 2593 3352 consistit
2657 3279 2734 3349 in
2806 3279 2972 3350 loco
3039 3302 3234 3350 nunc
3286 3249 3604 3361 deserte,
3659 3271 3785 3341 ubi
3839 3267 4207 3363 quondam

636 3396 1094 3471 habitaverat
1146 3412 1428 3490 amata,
1488 3424 1789 3496 ejusque
1842 3403 2065 3474 desset
2132 3392 2593 3475 memoriam.
2683 3403 2916 3473 Sociis
2997 3426 3164 3473 eum
3236 3395 3838 3482 adhortantibus,
3894 3414 3988 3462 ne
4038 3414 4213 3460 con-

626 3520 915 3591 ficiatur
960 3522 1254 3592 tristitia
1301 3525 1556 3616 nimia,
1610 3527 1741 3596 sed
1788 3537 2172 3598 strenuum
2222 3552 2297 3598 se
2349 3530 2738 3624 praebeat,
2841 3527 3236 3621 respondet
3312 3522 3594 3594 nullum
3660 3517 3802 3588 sibi
3864 3516 4204 3587 relictum

637 3644 914 3714 doloris
965 3645 1377 3720 remedium
1450 3659 1747 3743 praeter
1819 3650 2228 3746 lacrymas,
2339 3656 2673 3746 quamvis
2722 3652 2913 3732 bene
2965 3639 3174 3742 sciat,
3253 3644 3594 3741 lacrymis
3681 3640 3868 3713 nihil
3922 3639 4203 3733 profici.

500 3755 507 3762 ⁸
628 3766 920 3838 Deinde
983 3768 1191 3859 dicit,
1245 3792 1391 3840 non
1442 3773 1684 3866 prima
1747 3774 1906 3848 vice
1972 3798 2052 3846 se
2121 3773 2384 3845 confici
2456 3776 2710 3847 dolore
2775 3776 2871 3847 ob
2922 3776 3197 3847 amicae
3248 3773 3639 3843 discessum
3665 3817 3691 3857 ,
3746 3783 4206 3835 commemo-⁴

620 3903 880 3986 ratque
929 3915 1214 3964 amores
1263 3919 1432 3965 suos
1482 3898 1789 3991 priores.
1943 3897 2247 3969 Pristini
2309 3902 2663 3993 temporis
2731 3899 3238 3970 recordatione
3286 3897 3632 3986 abreptus
3659 3941 3682 3979 ,
3735 3890 3887 3984 jam
3935 3886 4201 3958 laetius

632 4019 1117 4111 exspatiatur,
1194 4017 1428 4111 pingit
1492 4020 1645 4091 dies
1722 4019 2236 4114 suavissimos,
2347 4045 2528 4116 quos
2615 4044 2783 4092 cum
2856 4021 3120 4116 puellis
3194 4011 3736 4089 formosissimis
3813 4010 4193 4101 transegit,

633 4139 980 4211 describit
1030 4146 1297 4214 amoris
1346 4143 1639 4215 delicias
1663 4194 1688 4236 ,
1744 4168 1923 4240 quas
1997 4147 2095 4218 ab
2145 4146 2293 4216 illis
2343 4147 2673 4241 percepit
2721 4156 2799 4217 et
2842 4143 3207 4239 colloquia
3258 4139 3613 4211 amatoria
3661 4155 3828 4206 cum
3878 4132 4022 4203 illis
4070 4133 4204 4202 ha·

631 4265 805 4334 bita·
922 4265 1211 4338 Deinde
1293 4267 1653 4361 gloriatur
1742 4291 1996 4339 amore
2046 4271 2382 4365 =virginis
2460 4270 2837 4364 cujusdam
2917 4268 3414 4340 nobilissimae
3493 4273 3568 4332 et
3628 4257 4201 4353 pulcherrimae,

634 4372 849 4481 quam
922 4405 1148 4462 noctu
1216 4393 1623 4466 visitaverit
1690 4417 1855 4463 cum
1927 4417 2216 4464 summo
2285 4396 2479 4466 vitae
2556 4393 2914 4488 periculo.
3032 4391 3238 4462 Dicit
3298 4390 3486 4461 hanc
3551 4383 3910 4481 puellam,
3984 4389 4201 4475 post-

640 4536 857 4609 quam
909 4515 1264 4587 induisset
1311 4530 1588 4590 vestem
1638 4515 2190 4609 dormitoriam,
2267 4529 2356 4590 ut
2425 4517 2721 4589 'nullam’
2784 4515 3269 4611 suspicionem
3334 4520 3665 4585 moveret
3739 4506 4198 4601 propinquis,

634 4639 846 4709 anxie
895 4661 1057 4708 eam
1107 4640 1721 4740 custodientibus,
1817 4665 2066 4712 secum
2138 4642 2397 4713 abiisse
2466 4641 2541 4713 in
2593 4640 2834 4711 locum
2885 4664 2930 4709 a
2978 4638 3317 4710 tentoriis
3388 4644 3749 4705 remotum
3819 4640 3894 4699 et
3966 4627 4202 4700 amori

632 4783 953 4853 sacrum,
1007 4763 1135 4832 ubi
1183 4764 1585 4856 gustaverit
1649 4765 1918 4834 amoris
1969 4764 2316 4836 fructum.
2446 4764 2736 4837 Deinde
2801 4775 3136 4837 versatur
3217 4764 3297 4832 in
3361 4755 3840 4831 describenda
3911 4753 4202 4850 puellae

631 4884 801 4955 ilius
898 4885 1487 4981 pulchritudine,
1596 4909 1815 4982 quam
1903 4887 2370 4961 vividissimis
2436 4889 2669 4983 pingit
2748 4879 3118 4960 coloribus
3183 4896 3260 4957 et
3324 4886 3403 4955 in
3493 4884 3630 4953 hac
3710 4878 4209 4972 descriptione

629 5008 1149 5104 pulcherrimis
1235 5011 1469 5080 utitur
1564 5012 2251 5105 comparationibus.
2370 5012 2758 5086 Gloriatur
2819 5011 3224 5084 constantia
3296 5031 3427 5079 sua
3494 5008 3576 5080 in
3638 5006 3854 5101 hujus
3916 4999 4216 5101 puellae

630 5156 885 5204 amore
905 5186 927 5224 ,
983 5133 1110 5229 qui
1157 5132 1345 5206 nihil
1393 5135 1764 5207 curaverit
1813 5136 2033 5206 amici
2079 5137 2319 5212 severi
2367 5137 2664 5210 monita.
